2792 4025
273 250 335 314 166
601 266 833 321 LUCRETIUS
1123 266 1173 336 [V.

268 424 392 487 subdola
405 425 540 503 pellicere
555 428 585 485 in
599 426 731 485 fraudem
742 427 903 487 ridentibus
917 426 1013 498 undis,
1111 444 1172 499 ¹005

267 518 400 593 improba
413 517 542 575 naucleri
555 518 628 576 ratio
642 538 712 575 cum
727 536 817 576 caeca
830 519 952 577 iacebat.

267 618 329 666 tum
343 608 464 686 penuria
478 607 586 666 deinde
601 609 658 666 cibi
672 609 840 683 languentia
853 609 912 667 leto

268 700 398 757 membra
412 698 508 771 dabat,
524 709 625 757 contra
639 718 719 756 nunc
732 717 828 756 rerum
843 700 929 774 copia
942 708 1058 758 mersat.

267 789 307 847 illi
321 789 509 865 inprudentes
523 790 578 865 ipsi
592 790 648 847 sibi
662 806 750 864 saepe
764 806 911 847 venenum

266 881 432 955 vergebant,
446 881 530 938 nurui
544 898 623 937 nunc
638 879 710 937 daut
723 880 864 938 sollertius
879 879 944 955 ipsi.
1110 901 1173 938 1010

245 1035 258 1056 s
307 969 383 1028 Inde
399 988 480 1028 casas
495 980 652 1045 postquam
665 988 702 1028 ac
716 970 799 1046 pellis
814 970 971 1045 ignemque
985 980 1130 1045 pararunt,

267 1069 297 1117 et
310 1060 413 1119 mulier
426 1062 585 1119 coniuncta
597 1061 659 1119 viro
670 1061 818 1119 concessit
832 1061 864 1119 in
878 1079 970 1119 unum

266 1241 383 1315 cognita
396 1250 471 1313 sunt,
485 1242 656 1317 prolemque
670 1260 707 1300 ex
722 1260 754 1300 se
767 1240 867 1300 videre
881 1251 1018 1313 creatam,

266 1340 328 1389 turn
342 1350 433 1406 genus
448 1331 608 1390 humanum
621 1332 748 1406 primum
762 1333 934 1391 mollescere
948 1331 1055 1406 coepit.

265 1425 339 1499 ignis
353 1425 430 1482 enim
445 1424 555 1483 curavit
567 1433 600 1483 ut
614 1425 685 1482 alsia
698 1443 824 1500 corpora
837 1426 925 1500 frigus
1107 1441 1169 1496 1015

265 1535 327 1575 non
340 1517 380 1575 ita
393 1518 450 1574 iam
464 1527 585 1591 possent
599 1517 672 1574 caeli
686 1518 740 1576 sub
755 1518 883 1593 tegmine
897 1518 981 1589 serre,

266 1617 296 1664 et
308 1608 409 1665 Venus
423 1608 559 1665 inminuit
571 1606 638 1665 viris
650 1608 793 1683 puerique
808 1618 961 1683 parentum

266 1697 411 1755 blanditiis
425 1697 508 1755 facile
522 1697 671 1773 ingenium
685 1698 796 1774 fregere
811 1698 978 1773 superbum.

265 1796 335 1845 tunc
349 1797 379 1847 et
393 1788 551 1872 amicitiem
566 1798 727 1864 coeperunt
740 1789 860 1864 iungere
874 1798 993 1847 aventes

264 1877 378 1936 finitimi
392 1878 467 1935 inter
479 1896 511 1935 se
526 1894 582 1935 nec
597 1878 715 1937 laedere
731 1898 788 1937 nec
802 1879 911 1951 violari,
1106 1898 1170 1935 1020

194 1989 199 1998 ·
264 1978 294 2028 et
308 1986 415 2046 pueros
429 1967 673 2027 commendarunt
686 1969 886 2044 muliebreque
901 1968 1039 2041 saeclum,

263 2061 385 2118 vocibus
399 2068 430 2118 et
442 2069 524 2135 gestu
539 2078 607 2117 curn
621 2060 708 2140 balbe
723 2061 919 2136 significarent
1004 2043 1066 2117 ἴω
1080 2042 1127 2110 ἵν·

263 2151 474 2210 imbecillomm
489 2168 553 2208 esse
566 2169 671 2209 aecum
686 2152 848 2210 misererier
861 2152 967 2212 omnis

262 2260 320 2300 nec
333 2252 432 2301 tamen
446 2241 627 2301 omnimodis
641 2251 757 2318 poterat
772 2242 933 2300 concordia
946 2241 1034 2318 gigni,

263 2333 316 2391 sed
329 2333 409 2392 bona
421 2350 586 2407 magnaque
601 2351 668 2408 pars
681 2333 814 2391 servabat
827 2332 948 2390 foedera
961 2342 1040 2390 caste
1050 2351 1060 2404 ;
1104 2349 1165 2404 1025

262 2433 312 2481 aut
325 2441 417 2499 genus
431 2423 592 2481 humanum
607 2424 664 2481 iarn
679 2433 741 2481 turn
755 2423 830 2480 foret
844 2441 933 2481 omne
947 2432 1133 2498 peremptum

262 2532 319 2572 nec
333 2513 476 2589 potuisset
490 2512 587 2572 adhuc
602 2513 763 2589 perducere
778 2513 873 2571 saecla
887 2531 1028 2588 propago

301 2606 341 2662 At
353 2604 447 2663 varios
461 2604 576 2678 linguae
590 2604 701 2661 sonitus
716 2613 818 2661 natura
831 2603 946 2678 subegit

207 2738 209 2741 -
261 2695 376 2753 mittere
391 2703 421 2752 et
433 2694 539 2752 utilitas
554 2694 694 2768 expressit
708 2694 828 2762 nomina
841 2712 946 2765 rerum,

261 2804 323 2843 non
337 2785 393 2843 alia
406 2784 494 2860 longe
509 2785 620 2842 ratione
634 2793 722 2858 atque
737 2785 800 2859 ipsa
813 2784 928 2842 videtur
1103 2803 1167 2854 1030

261 2875 430 2952 protrahere
445 2874 484 2933 ad
498 2884 611 2949 gestum
626 2892 734 2948 pueros
749 2875 869 2932 infantia
882 2875 1006 2950 linguae,

262 2985 329 3023 cum
344 2965 413 3023 facit
426 2975 458 3022 ut
472 2963 563 3039 digito
578 2982 653 3038 quae
668 2965 726 3022 sint
739 2965 903 3041 praesentia
916 2973 1085 3022 monstrent

261 3057 348 3115 sentit
363 3055 441 3113 enirn
455 3055 514 3112 vim
529 3055 653 3129 quisque
668 3073 750 3112 suam
765 3053 865 3129 quoad
878 3054 970 3128 possit
983 3053 1072 3112 abuti.

261 3165 372 3206 cornua
385 3155 454 3204 nata
467 3145 545 3220 prius
560 3145 650 3203 vitulo
664 3163 753 3220 quam
767 3145 909 3202 frontibus
923 3151 1032 3215 extent,

260 3238 314 3296 illis
328 3237 415 3294 iratus
429 3235 502 3310 petit
516 3246 603 3311 atque
618 3235 738 3293 infestus
754 3235 876 3310 inurget.
1103 3251 1165 3305 ¹035

260 3338 290 3386 at
305 3328 392 3386 catuli
406 3326 611 3402 pantherarum
626 3325 797 3399 scymnique
811 3325 931 3383 leonum

261 3417 405 3492 unguibus
419 3435 454 3474 ac
468 3415 593 3490 pedibus
607 3415 665 3472 iam
680 3424 743 3472 tum
757 3432 913 3488 morsuque
928 3422 1101 3489 repugnant,

260 3507 309 3565 vix
322 3507 410 3565 etiam
425 3525 493 3564 curn
507 3514 574 3563 sunt
588 3503 691 3562 dentes
706 3521 876 3578 unguesque
890 3504 990 3563 creati.
