2792 4025
211 281 280 352 111.]
360 281 415 334 on
441 280 587 334 RERUM
616 278 787 332 NATURA
1046 279 1107 344 ¹91

207 452 303 501 totum
316 460 403 517 posse
418 451 499 500 extra
511 458 617 515 corpus
631 439 735 498 durare
749 439 883 515 genique.

208 551 306 608 quare,
321 551 426 608 corpus
441 532 490 590 ubi
504 531 618 603 interiit,
633 531 752 606 periisse
766 540 915 589 necessest

208 624 366 682 confiteare
381 623 507 680 animam
522 621 688 679 distractam
703 622 870 696 incorpore
885 630 958 680 toto,

208 715 317 790 quippe
332 714 440 771 etenim
455 714 576 770 mortale
591 722 710 770 aeterno
724 713 843 786 iungere
858 722 888 770 et
902 731 961 771 una
1063 719 1112 768 800

208 806 372 862 consentire
386 814 487 879 putare
503 813 532 860 et
545 803 625 877 fungi
639 812 740 860 mutua
753 821 840 878 posse

181 969 184 974 Ι
208 894 386 970 desiperest3
409 893 480 968 quid
495 895 573 951 enim
588 893 728 951 diversius
743 912 806 951 esse
821 893 1012 970 putandumst

207 995 257 1043 aut
271 986 361 1058 magis
376 986 450 1042 inter
464 1002 495 1042 se
510 983 686 1041 disiunctum
702 983 961 1060 discrepitansque,

207 1094 296 1151 quam
310 1075 430 1134 mortale
445 1073 527 1149 quod
540 1084 585 1132 est
597 1075 743 1133 inmortali
756 1085 844 1150 atque
858 1076 981 1150 perenni

207 1167 339 1224 iunctum
353 1166 382 1223 in
397 1165 521 1223 concilio
536 1183 635 1224 saevas
650 1165 772 1224 tolerare
786 1165 949 1240 procellas?
1064 1171 1111 1232 805

177 1281 180 1288 ·
206 1257 327 1333 quodsi
341 1257 414 1314 forte
428 1254 496 1313 ideo
510 1256 602 1330 magis
615 1256 785 1314 immortalis
800 1255 971 1330 habendast,
1064 1262 1113 1326 819

170 1368 174 1384 ·
208 1347 290 1423 quod
303 1346 435 1405 letalibus
450 1346 487 1404 ab
501 1347 587 1404 rebus
602 1347 714 1404 munita
727 1356 849 1416 tenetur,

207 1447 257 1498 aut
271 1438 414 1513 quianon
428 1436 549 1494 veniunt
563 1437 684 1495 omnino
698 1437 792 1495 aliena
805 1436 903 1495 salutis

207 1538 257 1587 aut
271 1529 340 1603 quia
354 1524 429 1602 quae
446 1528 567 1586 veniunt
581 1528 676 1603 aliqua
689 1528 800 1585 ratione
814 1525 958 1584 recedunt

207 1619 292 1695 pulsa
305 1619 384 1694 prius
399 1636 488 1693 quam
503 1617 574 1694 quid
588 1627 716 1677 noceant
730 1618 835 1676 sentire
850 1635 1001 1692 queamus,

207 1809 322 1875 praeter
335 1799 414 1857 enim
429 1817 517 1874 quam
532 1798 614 1875 quod
628 1799 737 1858 morbis
751 1818 820 1858 curn
834 1798 964 1874 corporis
978 1806 1084 1873 aegret‚

207 1889 326 1948 advenit
340 1889 371 1947 id
386 1889 467 1965 quod
482 1909 548 1948 eam
562 1889 600 1947 de
614 1891 702 1949 rebus
716 1907 804 1965 saepe
817 1890 919 1948 futuris
1062 1896 1111 1957 825

207 1975 336 2039 macerat
349 1981 437 2055 inque
453 1990 532 2039 metu
547 1981 622 2039 male
637 1981 727 2040 habet
741 1981 874 2055 curisque
889 1981 987 2056 fatigat

207 2072 426 2147 praeteritisque
441 2072 516 2129 male
531 2070 663 2130 admissis
677 2080 801 2146 peccata
814 2070 991 2129 remordent

208 2160 287 2219 adde
301 2163 428 2220 furorem
442 2162 531 2219 animi
544 2163 693 2238 proprium
708 2172 795 2236 atque
810 2162 917 2219 oblivia
930 2180 1035 2232 rerum,

209 2250 286 2310 adde
302 2251 384 2327 quod
397 2252 427 2309 in
441 2252 535 2327 nigras
549 2252 668 2327 lethargi
683 2252 821 2325 mergitur
834 2251 937 2309 undas.
1086 2310 1115 2335 a

250 2343 300 2400 Nil
314 2343 398 2417 igitur
412 2361 490 2401 mors
505 2351 548 2399 est
562 2341 600 2399 ad
614 2360 668 2399 nos
683 2359 780 2416 neque
794 2342 920 2416 pertinet
934 2341 1034 2415 hilum,
1065 2348 1113 2411 830

210 2432 450 2508 quandoquidem
464 2442 566 2491 natura
580 2433 668 2489 animi
682 2432 810 2489 mortalis
824 2432 965 2504 habetur3

210 2532 240 2582 et
252 2524 331 2581 velut
344 2532 480 2581 anteacto
494 2524 535 2580 nil
549 2533 681 2598 tempore
696 2523 839 2581 sensimus
853 2523 939 2597 aegri,

163 2625 166 2629 '
210 2613 249 2671 ad
263 2613 481 2690 confligendum
495 2614 676 2672 venientibus
690 2613 822 2688 undique
837 2613 954 2682 Poenis,

210 2705 310 2762 omnia
323 2723 391 2761 cum
405 2704 473 2761 belli
487 2704 602 2778 trepido
617 2722 762 2762 concussa
776 2703 899 2762 tumultu

209 2794 327 2853 horrida
341 2804 544 2854 contremuere
559 2794 613 2853 sub
627 2795 690 2852 altis
705 2794 829 2852 aetheris
844 2795 910 2864 oris,
1066 2801 1112 2864 835

210 2885 240 2942 in
254 2884 403 2960 dubioque
418 2886 497 2943 fuere
511 2894 641 2943 utrorum
655 2884 694 2943 ad
708 2903 798 2960 regna
811 2884 981 2942 cadendum

210 2976 345 3033 omnibus
360 2976 493 3033 humanis
508 2985 584 3033 esset
598 2985 731 3051 terraque
746 2976 886 3049 marique,

211 3067 262 3137 sic,
277 3066 328 3124 ubi
341 3084 402 3123 non
416 3066 531 3139 erimus
547 3084 614 3124 cum
630 3067 761 3141 corporis
775 3076 863 3139 atque
878 3064 985 3123 animai

211 3155 366 3214 discidium
381 3158 465 3215 suerit
479 3156 584 3231 quibus
599 3175 615 3214 e
630 3174 729 3214 sumus
744 3156 838 3213 uniter
851 3156 921 3230 apti,

212 3248 322 3305 scilicet
335 3245 415 3304 haud
428 3247 512 3305 nobis
527 3247 694 3321 quicquam,
710 3247 760 3321 qui
775 3264 835 3304 non
849 3247 956 3303 erimus
970 3255 1042 3317 tum,
1066 3251 1115 3312 840

211 3336 345 3394 accidere
360 3337 481 3394 omnino
495 3337 601 3411 poterit
615 3354 792 3411 sensumque
807 3353 935 3408 movere,

210 3446 272 3485 non
286 3428 309 3485 si
323 3436 397 3483 terra
410 3427 482 3484 mari
496 3428 664 3485 miscebitur
677 3436 707 3485 et
720 3445 799 3484 mare
814 3427 906 3485 caelo,

212 3528 243 3576 et
256 3517 280 3575 si
293 3518 351 3575 iam
365 3526 464 3575 nostro
479 3517 565 3575 sentit
579 3516 617 3575 de
631 3536 754 3593 corpore
769 3526 927 3592 postquam
