2792 4025
228 294 295 366 1v.]
469 293 524 346 ns
552 293 698 347 nanum
726 292 898 372 unauna
1073 297 1133 361 109

178 459 181 470 '
226 467 256 516 et
270 476 338 515 cum
352 458 433 516 laeva
447 456 516 516 data
530 466 582 528 est,
597 459 630 516 fit
644 477 744 516 rusum
758 468 790 517 ut
804 456 925 516 dextera
938 458 997 531 fiat,
1103 461 1112 481 ⁰

225 548 295 606 inde
308 558 384 606 retro
398 567 511 606 rursum
524 548 600 607 redit
614 558 643 606 et
657 551 834 608 convertitur
847 548 963 607 eodem.
1084 569 1133 619 310

226 639 297 714 quin
312 640 399 696 etiam
414 657 618 714 quaecumque
633 640 773 697 latuscula
787 649 854 698 sunt
868 640 1054 715 speculorum

225 729 349 787 adsimili
364 730 459 787 lateris
473 729 583 787 flexura
596 729 729 804 praedita
741 731 841 801 nostri,

226 818 346 877 dextera
359 837 394 876 ea
408 830 528 894 propter
540 820 625 878 nobis
640 820 793 878 simulacra
806 821 966 892 remittunt,

226 920 276 967 aut
290 911 358 984 quia
372 909 409 967 de
425 910 545 984 speculo
560 911 590 967 in
605 912 757 985 speculum
772 913 940 969 transfertur
952 911 1060 985 imago,

226 1000 294 1058 inde
310 999 348 1057 ad
362 1018 416 1058 nos
432 1000 501 1058 elisa
514 1001 558 1058 bis
573 1000 698 1072 advolat,
714 1003 866 1059 autetiam
880 1000 962 1076 quod
1083 1021 1111 1071 3¹
1118 1019 1132 1072 5

226 1091 336 1148 circum
350 1091 451 1165 agitur,
467 1109 534 1149 cum
548 1092 636 1162 venit,
652 1091 749 1165 imago
763 1102 919 1166 propterea
932 1090 1014 1166 quod

226 1181 301 1238 flexa
315 1181 407 1256 figura
420 1181 509 1238 docet
524 1182 634 1256 speculi
649 1183 813 1239 convertier
826 1180 865 1239 ad
878 1199 943 1240 nos.

225 1271 380 1346 indugredi
395 1290 481 1346 porro
496 1273 602 1346 pariter
616 1272 768 1330 simulacra
781 1272 950 1347 pedemque

226 1379 337 1437 ponere
351 1363 506 1420 nobiscum
522 1361 625 1420 credas
639 1372 814 1438 gestumque
828 1363 934 1421 imitari

226 1463 383 1528 propterea
397 1453 475 1528 quia,
491 1452 529 1510 de
544 1455 655 1528 speculi
670 1472 730 1528 qua
743 1464 825 1528 parte
840 1452 971 1525 recedas,

226 1545 369 1602 continuo
383 1554 535 1618 nequeunt
549 1545 627 1601 illinc
641 1545 795 1602 simulacra
808 1545 932 1617 reverti3

226 1635 326 1694 omnia
340 1634 582 1709 quandoquidem
597 1635 676 1710 cogit
690 1645 794 1692 natura
808 1635 907 1692 referri

226 1743 262 1784 ac
275 1725 381 1784 resilire
397 1726 435 1783 ab
449 1727 534 1784 rebus
549 1724 588 1783 ad
603 1744 714 1800 aequos
728 1725 844 1783 reddita
858 1725 959 1784 flexus.

266 1815 426 1890 Splendida
439 1834 526 1891 porro
541 1817 619 1874 oculi
633 1817 755 1891 fugitant
769 1818 918 1891 vitantque
934 1817 1016 1874 tueri.

226 1907 271 1964 sol
284 1907 371 1964 etiam
386 1915 496 1977 caecat,
512 1915 614 1963 contra
627 1907 651 1963 si
665 1905 786 1964 tendere
800 1925 913 1982 pergas,

226 2006 383 2073 propterea
396 1997 465 2072 quia
478 1997 520 2055 vis
535 2006 666 2072 magnast
680 1997 770 2072 ipsius
784 2008 813 2055 et
827 1997 883 2056 alte

227 2092 295 2147 aera
307 2106 360 2162 per
373 2105 478 2162 purum
493 2088 615 2162 graviter
629 2088 783 2145 simulacra
796 2088 926 2146 feruntur

228 2188 258 2236 et
271 2179 376 2235 feriunt
389 2179 492 2235 oculos
506 2178 650 2235 turbantia
664 2179 886 2253 composituras.

227 2277 378 2344 praeterea
391 2266 530 2342 splendor
543 2268 721 2343 quicumque
736 2278 781 2326 est
794 2287 861 2326 acer
874 2270 970 2327 adurit

228 2377 316 2433 saepe
331 2360 432 2416 oculos
447 2357 515 2417 ideo
531 2358 612 2431 quod
627 2358 742 2416 semina
754 2358 887 2434 possidet
901 2360 975 2434 ignis

227 2451 326 2521 multa,
341 2449 474 2507 dolorem
489 2449 580 2507 oculis
595 2467 670 2523 quae
685 2450 808 2524 gignunt
822 2449 1007 2508 insinuando.

227 2540 320 2598 lurida
334 2550 484 2615 praeterea
498 2539 571 2598 fiunt
586 2557 790 2615 quaecumque
805 2550 923 2598 tuentur

227 2632 348 2708 arquati,
363 2632 432 2706 quia
445 2631 546 2689 luroris
561 2629 600 2688 de
615 2649 738 2705 corpore
752 2649 856 2689 eorum

227 2724 339 2781 semina
352 2723 443 2781 multa
457 2722 549 2779 fluunt
564 2721 724 2779 simulacris
738 2722 826 2780 obvia
839 2740 946 2793 rerum,

227 2815 375 2889 multaque
390 2822 457 2871 sunt
471 2813 562 2871 oculis
577 2813 607 2869 in
622 2830 723 2870 eorum
738 2812 867 2888 denique
882 2814 981 2885 mixta,

227 2923 302 2981 quae
317 2914 442 2980 contage
458 2924 510 2963 sua
523 2905 681 2980 palloribus
696 2904 796 2963 omnia
809 2905 944 2980 pingunt.

227 3013 244 3053 e
258 2997 384 3054 tenebris
398 3006 496 3053 autem
511 3013 586 3070 quae
600 3005 667 3053 sunt
682 2995 712 3053 in
726 2995 792 3053 luce
806 3005 922 3053 tuemur

227 3096 381 3163 propterea
395 3086 472 3161 quia,
487 3104 555 3143 cum
569 3086 689 3161 propior
703 3086 832 3161 caliginis
846 3089 896 3145 aer

227 3188 288 3235 ater
302 3178 355 3235 init
369 3177 471 3235 oculos
486 3176 564 3252 prior
578 3186 607 3233 et
621 3176 754 3252 possedit
767 3186 894 3251 apertos,

226 3267 388 3342 insequitur
400 3266 530 3325 candens
544 3267 699 3325 confestim
713 3266 827 3324 lucidus
841 3270 891 3325 aer

228 3357 277 3432 qui
292 3358 375 3432 quasi
389 3367 492 3432 purgat
506 3376 557 3416 eos
572 3376 607 3415 ac
621 3358 717 3433 nigras
732 3357 850 3416 discutit
865 3358 981 3416 umbras
1052 3380 1056 3385 ·

227 3448 300 3507 a'e'ris
315 3448 406 3519 illius,
429 3467 497 3505 nam
512 3449 608 3507 multis
622 3449 752 3523 partibus
767 3448 816 3505 hic
832 3458 876 3505 est

228 3538 363 3597 mobilior
377 3540 533 3615 multisque
549 3541 686 3599 minutior
702 3549 731 3597 et
745 3557 829 3613 mage
844 3538 965 3613 pollens.
