2792 4025
280 262 340 326 162
608 275 840 333 auersatus
1128 277 1178 349 [v.

275 445 306 495 et
318 454 411 513 genus
425 454 514 495 omne
529 436 612 512 quod
626 446 671 495 est
684 438 816 497 veterino
830 438 942 497 semine
957 445 1073 513 partum
1130 445 1179 511 865

274 526 477 603 lanigeraeque
492 527 578 585 simul
591 526 723 603 pecudes
738 536 768 585 et
780 528 890 587 bucera
904 528 1001 587 saecla

274 618 375 675 omnia
387 627 454 676 sunt
467 616 620 676 hominum
634 618 741 675 tutelae
755 616 868 691 tradita,
884 619 1018 677 Memmi.

273 724 343 765 nam
357 707 465 782 cupide
478 708 578 780 fugere
591 707 666 765 feras
679 724 843 783 pacemque
858 716 958 767 secuta

274 807 341 855 sunt
354 807 384 855 et
396 797 474 873 larga
487 815 541 856 suo
554 796 617 855 sine
630 797 738 871 pabula
752 806 834 872 parta
847 797 955 869 labore,

273 905 349 961 quae
364 885 467 945 damus
480 887 609 945 utilitatis
623 903 725 945 eorum
740 887 870 961 praemia
884 904 980 946 causa.
1128 895 1178 955 870

273 987 303 1035 at
316 978 381 1052 quis
395 978 436 1035 nil
449 977 554 1035 horum
567 976 666 1035 tribuit
678 985 791 1046 natura,
805 994 862 1034 nec
877 977 940 1051 ipsa

273 1077 379 1141 sponte
393 1086 446 1125 sua
459 1077 580 1141 possent
592 1076 625 1125 ut
637 1066 734 1126 vivere
748 1082 805 1123 nec
819 1065 890 1125 dare
904 1066 989 1125 nobis
1063 1104 1070 1119 .

275 1157 428 1216 utilitatem
442 1158 570 1232 aliquam
583 1175 672 1231 quare
686 1166 853 1233 pateremur
866 1174 969 1215 eornm

272 1246 418 1323 praesidio
431 1257 532 1306 nostro
546 1248 627 1323 pasci
640 1265 733 1323 genus
748 1264 870 1321 esseque
886 1255 991 1319 tutum,

272 1338 383 1397 scilicet
396 1337 470 1396 haec
484 1338 547 1395 aliis
560 1337 688 1413 praedae
702 1338 842 1413 lucroque
857 1336 993 1395 iacebant
1128 1344 1175 1409 875

270 1427 444 1504 indupedita
457 1430 515 1486 suis
530 1428 663 1487 fatalibus
677 1428 777 1485 omnia
791 1427 901 1498 vinclis,

271 1518 368 1576 donec
382 1517 421 1576 ad
434 1518 581 1576 interitum
594 1536 687 1593 genus
702 1517 734 1577 id
747 1528 849 1577 natura
862 1516 984 1593 redegit.

309 1608 369 1669 Sed
382 1626 479 1683 neque
493 1609 633 1668 Centauri
647 1608 772 1680 fuerunt,
787 1626 843 1666 nec
858 1618 990 1682 tempore
1006 1606 1036 1665 in
1049 1607 1109 1666 ullo

270 1717 334 1757 esse
349 1708 460 1773 queunt
474 1698 584 1774 duplici
597 1708 701 1757 natura
714 1708 744 1757 et
757 1716 882 1774 corpore
896 1699 967 1758 bino

269 1807 307 1846 err
320 1788 488 1864 alienigenis
502 1789 641 1847 membris
654 1798 820 1863 compacta,
836 1798 965 1866 potestas
1126 1794 1176 1847 880

268 1878 337 1937 hinc
352 1878 429 1936 illinc
442 1879 543 1953 visque
557 1887 663 1937 utnon
677 1888 722 1937 sat
736 1898 788 1954 par
801 1896 866 1937 esse
880 1878 1004 1955 potissit.

268 1968 300 2028 id
314 1969 382 2028 licet
396 1968 465 2026 hinc
479 1969 611 2045 quamvis
625 1969 724 2030 hebeti
739 1987 918 2045 cognoscere
933 1968 1032 2051 corde.

267 2060 412 2136 principio
426 2060 536 2118 circum
550 2061 640 2120 tribus
654 2061 727 2120 actis
741 2061 864 2136 impiger
877 2061 959 2120 annis

266 2150 351 2208 floret
364 2168 443 2223 ecus,
458 2168 532 2226 puer
545 2151 785 2225 hautquaquam3
807 2169 876 2209 nam
890 2168 979 2226 saepe
994 2150 1081 2208 etiam
1095 2167 1174 2208 nunc

266 2240 357 2299 ubera
370 2259 562 2298 mammarum
577 2242 606 2299 in
621 2241 731 2300 somnis
745 2241 881 2299 lactantia
895 2250 1023 2316 quaeret
1124 2248 1172 2313 885

266 2341 334 2406 post
347 2331 398 2390 ubi
412 2348 498 2389 ecum
512 2330 625 2390 validae
640 2332 715 2390 vires
730 2340 825 2390 aetate
840 2341 959 2390 senecta

266 2422 459 2496 membraque
475 2421 617 2480 deliciunt
631 2422 753 2497 fugienti
768 2421 906 2497 languida
918 2421 985 2493 vita,

266 2520 329 2569 tum
344 2510 465 2570 demum
479 2529 571 2586 puero
585 2512 625 2570 illi
639 2531 713 2570 aevo
727 2511 849 2570 florente
863 2512 995 2571 iuventas

266 2601 378 2676 occipit
392 2611 422 2661 et
436 2602 515 2660 molli
529 2603 615 2660 vestit
629 2603 767 2678 lanugine
781 2603 879 2661 malas.

265 2709 304 2750 ne
319 2693 392 2751 forte
407 2710 445 2750 ex
458 2691 578 2750 homine
594 2703 624 2751 et
636 2693 768 2752 veterino
783 2693 896 2752 semine
911 2710 1054 2768 equorum
1122 2697 1172 2764 890

265 2782 387 2841 confieri
401 2780 504 2840 credas
518 2782 681 2840 Centauros
696 2801 783 2858 posse
798 2801 895 2858 neque
910 2801 983 2856 esse,

265 2882 316 2930 aut
328 2871 437 2931 rabidis
451 2872 574 2930 canibus
588 2873 752 2932 succinctas
767 2874 958 2932 semimarinis

265 2964 436 3040 corporibus
450 2964 558 3040 Scyllas
573 2975 602 3023 et
616 2975 714 3024 cetera
728 2965 766 3024 de
781 2983 889 3041 genere
904 2966 1017 3036 horum,

265 3055 340 3114 inter
352 3073 385 3114 se
398 3073 524 3132 quorum
539 3055 685 3114 discordia
699 3057 831 3116 membra
844 3055 977 3114 videmus
991 3077 998 3128 3

266 3163 341 3221 quae
355 3164 453 3221 neque
464 3145 625 3205 florescunt
638 3147 746 3221 pariter
759 3163 817 3204 nec
830 3145 937 3204 robora
949 3153 1068 3204 sumunt
1121 3152 1169 3217 895

265 3235 436 3310 corporibus
449 3255 547 3312 neque
562 3237 709 3313 proiciunt
723 3246 818 3295 aetate
833 3244 953 3294 senecta

266 3345 323 3385 nec
337 3325 421 3384 simili
435 3326 551 3385 Venere
565 3327 723 3385 ardescunt
738 3345 793 3384 nec
808 3328 937 3385 moribus
951 3325 1015 3383 unis

265 3416 453 3488 conveniunt,
467 3435 565 3492 neque
579 3427 646 3476 sunt
660 3417 766 3475 eadem
780 3416 909 3476 iucunda
922 3435 974 3491 per
988 3425 1072 3474 artus.

264 3507 376 3583 quippe
389 3506 489 3567 videre
503 3508 571 3565 licet
584 3507 776 3583 pinguescere
791 3525 879 3582 saepe
896 3508 1009 3565 cicutae
