2792 4025
292 295 354 360 134
630 295 862 350 nuenarius
1126 294 1191 366 [iv.

288 466 318 515 et
331 466 413 516 tenet
426 454 555 516 adsuctis
568 469 721 517 umectans
735 459 836 517 oscula
849 458 944 518 labris.

287 566 357 606 narn
370 548 440 606 iacit
453 567 491 606 ex
503 549 603 607 animo
617 567 705 624 saepe
720 559 750 606 et
763 550 932 607 eommunia
946 564 1088 623 quaerens
1131 568 1192 624 ¹195

287 638 395 713 gaudia
408 640 542 697 sollicitat
555 639 681 714 spatium
695 638 849 697 decurrere
864 641 979 699 amoris.

287 746 344 786 nec
358 730 470 788 ratione
484 730 540 787 alia
553 730 685 788 volucres
700 738 832 787 armenta
846 730 982 805 feraeque

287 828 318 877 et
331 818 461 894 pecudes
475 829 505 877 et
519 838 613 895 equae
628 820 755 879 maribus
770 819 919 879 subsidere
934 831 1063 896 possent,

286 908 396 982 sinon,
411 910 474 985 ipsa
488 909 569 984 quod
584 910 698 968 illorum
713 910 798 969 subat
812 909 895 969 ardet
908 910 1060 970 abundans

286 1010 389 1057 natura
403 1010 433 1057 et
446 1001 592 1058 Venerem
606 1001 760 1058 salientum
776 1001 850 1058 laeta
864 1009 1006 1060 retractat.
1131 1022 1194 1059 1200

285 1109 386 1149 nonne
401 1091 482 1149 vides
497 1092 585 1149 etiam
599 1109 674 1166 quos
688 1101 790 1149 mutua
804 1109 892 1166 saepe
907 1091 1039 1167 voluptas

285 1182 386 1253 vinxit,
400 1182 477 1240 utin
490 1182 592 1240 vinclis
607 1182 813 1240 communibus
822 1170 1052 1240 excrucientur?

284 1272 316 1330 in
330 1273 418 1330 triviis
432 1290 521 1347 quam
536 1291 624 1347 saepe
640 1290 738 1343 caneS,
753 1271 905 1331 discedere
920 1273 1040 1343 aventis,

285 1362 392 1420 divorsi
407 1362 515 1439 cupide
530 1363 650 1421 summis
665 1363 817 1421 ex'viribu’
833 1362 966 1435 tendunt,

285 1470 377 1527 quom
391 1454 501 1511 interea
514 1452 615 1511 validis
630 1454 752 1511 Veneris
767 1453 958 1528 compagibus
973 1452 1112 1511 haerent!
1131 1468 1191 1525 1205

285 1542 367 1617 quod
382 1544 512 1601 facerent
525 1562 686 1618 numquam
701 1543 756 1601 nisi
770 1554 872 1601 mutua
885 1542 993 1619 gaudia
1006 1552 1125 1601 nossent

285 1651 361 1707 quae
376 1634 471 1692 iacere
486 1635 517 1691 in
532 1634 663 1692 fraudem
677 1644 798 1718 possent
812 1635 984 1708 vinctosque
998 1643 1107 1692 tenere.

284 1742 374 1799 quare
389 1724 477 1782 etiam
487 1734 575 1798 atque
587 1725 683 1797 etiam,
694 1734 726 1782 ut
736 1724 814 1795 dice,
826 1734 871 1783 est
881 1724 1040 1782 communi'
1051 1723 1192 1799 voluptas.

326 1816 365 1872 Et
378 1814 600 1873 commiscendo
615 1833 706 1889 quom
721 1815 832 1874 semine
847 1815 920 1873 forte
935 1815 1007 1872 virili

283 1904 392 1963 semina
405 1906 465 1962 virn
478 1905 547 1962 vicit
561 1906 657 1963 subita
669 1905 698 1963 vi
713 1906 919 1980 corripuitque,
1130 1924 1194 1961 1210

284 2004 347 2054 tum
361 1996 468 2054 similes
483 2006 608 2054 matrum
622 2005 756 2054 materno
772 1995 883 2054 semine
897 1996 980 2067 fiunt,

283 2095 316 2144 ut
330 2088 460 2162 patribus
473 2088 577 2163 patrio.
592 2086 645 2145 sed
660 2105 736 2162 quos
750 2087 899 2163 utriusque
913 2087 1022 2161 figurae

284 2195 348 2236 esse
361 2177 453 2248 vides,
469 2179 570 2236 iuxtim
585 2178 741 2236 miscentes
755 2177 834 2235 vulta
847 2188 1011 2252 parentum,

283 2285 407 2342 corpore
422 2267 461 2325 de
475 2269 568 2342 patrio
582 2278 613 2325 et
626 2277 760 2326 materno
774 2269 914 2342 sanguine
928 2277 1071 2337 crescunt,

283 2358 396 2417 semina
409 2377 479 2416 curn
492 2359 614 2416 Veneris
628 2358 751 2416 stimulis
766 2358 861 2416 excita
874 2376 927 2432 per
941 2367 1018 2416 artus
1128 2376 1190 2430 1215

283 2449 371 2508 obvia
384 2449 515 2507 conflixit
529 2449 701 2524 conspirans
715 2458 833 2506 nrutuus
847 2448 942 2520 ardor,

283 2549 313 2597 et
326 2557 423 2614 neque
438 2549 535 2597 utrum
549 2539 696 2614 superavit
710 2557 813 2598 eorum
827 2557 883 2596 nec
899 2547 1101 2614 superatumst.

282 2631 316 2689 fit
329 2648 447 2705 quoque
463 2640 495 2688 ut
509 2631 656 2688 interdum
670 2630 778 2688 similes
792 2629 914 2687 existere
928 2648 1048 2688 avorum

282 2721 395 2796 possint
409 2731 439 2778 et
452 2721 577 2778 referant
591 2739 768 2795 proavorum
782 2737 871 2795 saepe
886 2720 990 2795 figuras
1373 2789 1374 2796 ἵ

282 2820 438 2886 propterea
451 2811 520 2885 quia
534 2810 625 2867 multa
640 2809 737 2868 modis
751 2810 909 2885 primordia
924 2810 1019 2868 multis
1130 2829 1194 2866 1220

283 2902 374 2959 mixta
388 2918 441 2958 suo
456 2901 552 2958 celant
565 2901 595 2958 in
610 2919 735 2975 corpore
750 2918 839 2975 saepe
853 2901 990 2976 parentis,

283 3009 358 3066 quae
373 2991 502 3066 patribus
520 3001 616 3066 patres
630 2991 748 3049 tradunt
761 2991 799 3049 ab
813 2992 901 3066 stirpe
915 2991 1067 3066 profecta3

284 3081 355 3140 inde
368 3082 470 3139 Venus
483 3081 562 3138 varia
575 3081 714 3156 producit
728 3092 804 3139 sorte
819 3081 925 3155 figuras

282 3173 485 3247 maiorumque
499 3172 585 3229 refert
599 3172 694 3229 voltus
708 3189 855 3245 vocesque
870 3189 1038 3246 comasque.

283 3273 314 3321 et
327 3263 468 3320 muliebre
483 3263 573 3320 oritur
586 3263 680 3337 patrio
695 3261 734 3319 de
750 3261 862 3321 semiue
876 3262 1004 3320 saeclum
1129 3281 1191 3328 1227

282 3353 357 3410 fiunt
371 3370 459 3427 quarn
474 3352 562 3410 facies
576 3363 606 3410 et
620 3371 745 3427 corpora
758 3353 949 3426 membraque
964 3352 1058 3424 nobis,

282 3454 475 3519 maternoque
490 3461 583 3500 mares
598 3443 725 3501 existunt
739 3461 862 3518 corpore
877 3442 968 3515 creti;

282 3533 526 3612 quandoquidem
540 3534 600 3592 nilo
614 3534 707 3608 magis
721 3533 795 3593 haec
809 3532 849 3591 de
863 3533 974 3592 semine
989 3541 1071 3592 certo
1127 3551 1191 3604 1225
