2792 4025
278 278 336 357 164
611 294 845 350 LUCRETIUS
1125 298 1180 370 v.]

274 474 330 515 nec
344 474 421 515 nova
434 455 574 516 defodere
589 458 619 515 in
634 466 738 515 terram
752 458 873 533 virgulta
886 474 983 533 neque
998 457 1061 517 altis
1128 476 1177 531 935

272 547 422 606 arboribus
435 558 548 605 veteres
562 546 699 606 decidere
714 548 829 605 falcibu'
844 566 948 606 ramos.

271 637 353 713 quod
367 637 411 695 sol
424 647 512 712 atque
527 638 633 695 imbres
647 636 799 709 dederant,
814 637 897 712 quod
911 648 986 696 terra
1000 646 1109 696 crearat

271 737 376 801 sponte
391 745 452 798 sua,
466 728 534 785 satis
548 726 579 785 id
592 728 727 803 placabat
740 736 861 803 pectora
876 726 996 787 donum.

270 816 444 893 glandiferas
458 817 533 874 inter
546 816 686 875 curabant
700 835 824 893 corpora
837 836 963 893 quercus

270 908 441 982 plerumque
452 928 462 980 3
482 916 513 965 et
526 924 603 982 quae
616 925 695 965 nunc
710 908 833 966 hiberno
847 918 979 984 tempore
993 910 1089 967 cernis
1126 930 1177 982 940

270 998 362 1056 arbita
375 998 503 1072 puniceo
518 998 579 1055 fieri
594 1007 706 1055 matura
720 997 828 1069 colore,

269 1088 393 1163 plurima
406 1098 469 1145 turn
483 1087 567 1145 tellus
581 1088 668 1145 etiam
682 1087 793 1145 maiora
806 1087 925 1146 serebat.

268 1178 418 1252 multaque
432 1187 582 1254 praeterea
595 1177 709 1235 novitas
723 1186 784 1235 tunt
798 1176 901 1235 florida
914 1177 1018 1237 mundi

268 1268 375 1343 pabula
388 1266 462 1325 dura
474 1268 547 1338 tulit,
562 1268 672 1325 miseris
686 1267 854 1325 mortalibus
868 1268 974 1344 ampla.

252 1354 298 1436 ‚fat
311 1357 414 1417 sedare
428 1358 505 1417 sitim
520 1357 597 1415 fluvii
611 1357 766 1432 fontesque
780 1358 934 1430 vocabant,
1124 1379 1173 1433 945

242 1471 250 1546 [¹
267 1457 300 1507 ut
313 1467 393 1507 nunc
406 1448 554 1507 montibus
568 1466 585 1505 e
600 1448 712 1522 magnis
727 1446 865 1505 decursus
879 1449 965 1523 aquai

241 1551 244 1562 ·
267 1538 356 1595 claru'
371 1539 441 1596 citat
454 1538 510 1595 late
525 1538 650 1595 sitientia
663 1538 759 1595 saecla
772 1537 905 1596 serarum.

268 1627 395 1702 denique
410 1637 481 1685 nota
493 1628 557 1701 vagi
571 1627 711 1685 silvestria
724 1627 834 1701 templa
846 1628 986 1686 tenebant

265 1718 468 1793 nympharum,
484 1717 588 1791 quibus
602 1736 618 1775 e
633 1717 747 1775 scibant
760 1717 864 1775 umori*
879 1716 987 1776 fluenta

265 1806 376 1867 lubrica
389 1808 517 1883 proluvie
531 1807 609 1882 larga
622 1807 717 1865 lavere
732 1806 832 1864 umida
844 1826 922 1879 saxa,
1122 1828 1172 1883 95⁰

265 1897 366 1956 umida
378 1917 455 1967 saxa,
470 1916 557 1972 super
569 1896 653 1955 viridi
665 1897 799 1955 stillantia
813 1916 924 1969 musc0,

266 1998 296 2063 et
309 1989 412 2064 partim
427 1988 515 2065 plano
529 1989 639 2046 scatere
654 1997 743 2062 atque
758 2005 909 2064 erumpere
924 2006 1040 2066 campo.

266 2079 394 2138 necdum
409 2098 454 2137 res
466 2079 526 2154 igni
540 2079 655 2137 scibant
669 2087 791 2136 tractare
805 2097 901 2154 neque
916 2081 958 2136 uti

264 2170 387 2246 pellibus
401 2179 431 2228 et
444 2170 543 2244 spoliis
558 2186 663 2243 corpus
678 2169 782 2226 vestire
796 2169 929 2241 serarum,

264 2260 318 2319 sed
332 2278 453 2318 nemora
466 2269 553 2334 atque
568 2276 656 2316 cavos
670 2259 778 2318 montis
794 2260 936 2335 silvasque
951 2260 1087 2320 colebant
1120 2281 1168 2334 955

264 2360 294 2408 et
308 2350 424 2408 frutices
438 2351 513 2408 inter
525 2347 696 2407 condebant
710 2348 841 2423 squalida
855 2350 987 2409 membra

263 2441 383 2499 verbera
395 2450 547 2499 ventorum
562 2439 651 2497 vitare
666 2440 823 2515 imbrisque
838 2441 942 2499 coacti.

262 2549 319 2589 nec
335 2548 495 2590 commune
509 2531 620 2588 bonurn
635 2540 770 2605 poterant
784 2541 916 2606 spectare
930 2549 1027 2606 neque
1041 2532 1104 2592 ullis

262 2622 392 2679 moribus
406 2621 480 2678 inter
493 2639 524 2678 se
539 2620 652 2678 scibant
665 2638 721 2678 nec
736 2621 847 2696 legibus
862 2622 913 2679 uti.

262 2711 345 2786 quod
358 2712 465 2787 cuique
483 2711 625 2768 obtulerat
638 2711 766 2786 praedae
782 2712 904 2782 fortuna,
921 2712 1031 2770 serebat
1119 2721 1169 2787 9⁶0

261 2811 367 2877 sponte
381 2820 434 2859 sua
447 2801 502 2859 sibi
516 2801 638 2875 quisque
652 2804 748 2860 valere
764 2811 793 2860 et
806 2803 902 2860 vivere
917 2801 1031 2860 doctus.

262 2902 291 2950 et
304 2893 406 2950 Venus
420 2892 450 2949 in
464 2890 539 2948 silvis
554 2891 692 2966 iungebat
707 2910 830 2967 corpora
843 2902 1011 2966 amantum

261 2982 437 3041 conciliabat
451 2982 529 3039 enim
543 2982 589 3039 vel
604 2993 706 3040 mutua
720 3001 867 3057 quamque
882 2982 993 3058 cupido

260 3074 306 3131 vel
319 3073 446 3130 violenta
458 3073 511 3130 viri
524 3074 567 3132 vis
582 3083 669 3148 atque
685 3074 808 3148 inpensa
821 3073 912 3134 libido

260 3164 307 3222 vel
320 3163 454 3237 pretium,
470 3163 591 3239 glandes
606 3173 695 3238 atque
711 3163 802 3221 arbita
815 3164 860 3220 vel
874 3165 937 3238 pira
950 3163 1034 3222 lecta
1116 3172 1164 3240 965

261 3263 291 3312 et
304 3272 444 3311 manuum
459 3255 531 3311 mira
545 3254 608 3310 freti
624 3254 727 3310 virtute
742 3253 911 3330 pedumque

260 3345 504 3402 consectabantur
517 3343 656 3401 silvestria
669 3343 764 3400 saecla
777 3343 901 3402 ferarum

260 3434 416 3492 missilibus
429 3433 505 3491 saxis
519 3441 549 3490 et
563 3450 671 3510 magno
685 3431 817 3506 pondere
832 3433 929 3490 clavae
943 3455 950 3506 ;

260 3525 410 3598 multaque
423 3523 589 3593 vincebant,
604 3522 733 3583 vitabant
747 3539 841 3600 pauca
854 3523 968 3581 latebris
979 3544 988 3596 3
