2792 4025
269 233 311 313 76
332 263 335 268 ·
603 243 833 296 Lucusrrus
1099 241 1173 312 [111.

268 407 403 465 omnibus
418 415 565 464 estonum
580 405 743 480 perfectum
759 403 888 479 corporis
902 419 1039 478 augmen.

267 499 309 556 sic
324 497 402 555 calor
415 506 503 571 atque
518 496 568 555 aer
582 505 612 554 et
625 495 704 553 venti
719 512 807 552 caeca
822 503 951 568 potestas

267 589 357 647 mixta
370 597 470 645 creant
484 604 572 644 unam
586 595 719 644 naturam
734 595 764 642 et
778 585 893 642 mobilis
908 585 956 643 illa
1125 607 1173 655 270

266 681 318 751 via,
333 679 436 736 initum
450 687 546 736 motus
560 677 598 735 ab
612 694 644 734 se
659 694 735 751 quae
750 675 855 733 dividit
868 676 941 748 ollis,

266 771 387 828 sensifer
400 769 479 828 unde
494 770 583 828 oritur
596 769 722 843 primum
738 785 792 843 per
804 768 915 826 viscera
928 777 1034 826 motus

267 879 335 918 nam
348 862 464 936 penitus
479 879 611 935 prorsum
625 859 695 917 latet
711 859 785 916 haec
799 869 901 917 natura
914 860 1072 934 subestque

266 970 323 1009 nec
337 953 428 1026 magis
443 952 497 1009 hac
512 952 584 1009 infra
598 951 757 1026 quicquam
773 959 817 1007 est
830 951 860 1034 in
874 968 998 1025 corpore
1011 960 1112 1009 nostro

45 1033 48 1050 ¹
266 1051 353 1116 atque
368 1043 465 1099 anima
479 1051 523 1099 est
536 1042 651 1100 animae
666 1059 810 1116 proporro
825 1042 913 1099 totius
927 1041 1000 1116 ipsa.
1123 1059 1169 1112 ²75

266 1131 348 1206 quod
362 1151 453 1207 genus
467 1133 497 1189 in
510 1131 614 1190 nostris
629 1132 768 1190 membris
782 1141 813 1189 et
827 1149 950 1206 corpore
965 1141 1028 1190 toto

265 1223 357 1281 mixta
370 1223 462 1282 latens
475 1222 564 1281 animi
578 1223 620 1281 vis
636 1233 679 1280 est
694 1223 867 1297 animaeque
882 1232 1020 1297 potestas,

265 1314 437 1389 corporibus
451 1311 571 1387 quiade
586 1313 682 1388 parvis
697 1313 857 1387 paucisque
872 1321 1004 1370 creatast.

265 1404 308 1461 sic
321 1404 373 1462 tibi
386 1405 512 1462 nominis
527 1403 600 1460 haee
615 1421 720 1479 expers
734 1404 777 1460 vis
791 1404 869 1460 facta
883 1403 1000 1460 minutis

265 1495 436 1569 corporibus
449 1494 519 1552 latet
533 1504 621 1567 atque
637 1494 752 1552 animae
767 1493 849 1568 quasi
865 1493 952 1550 totius
966 1493 1030 1568 ipsa
1122 1500 1170 1550 280

265 1593 434 1659 proporrost
448 1585 545 1642 anima
560 1593 589 1641 et
603 1583 771 1642 dominatur
784 1601 906 1659 corpore
921 1594 991 1642 toto.

265 1674 409 1732 consimili
423 1675 534 1732 ratione
548 1685 698 1733 necessest
711 1684 814 1731 ventus
828 1684 858 1731 et
872 1674 921 1731 aet

265 1775 295 1822 et
309 1765 388 1823 calor
402 1765 476 1823 iuter
490 1783 521 1822 se
535 1766 651 1839 vigeant
666 1765 826 1822 commixta
839 1783 893 1839 per
906 1773 984 1822 anus

265 1855 362 1929 adque
377 1856 438 1912 aliis
452 1855 529 1912 aliud
544 1856 635 1913 subsit
649 1857 742 1930 magis
755 1856 941 1929 emineatque

264 1956 298 2003 ut
311 1945 452 2022 quiddam
467 1946 529 2003 fieri
543 1944 675 2004 videatur
688 1946 726 2003 ab
739 1946 876 2003 omnibus
889 1964 991 2017 unum,
1121 1953 1167 2018 285

265 2038 295 2095 ni
310 2038 388 2095 calor
401 2056 437 2095 ac
450 2047 553 2095 ventus
568 2056 698 2095 seorsum
713 2055 904 2111 seorsumque
917 2046 1047 2111 potestas

264 2128 338 2189 aens
352 2129 525 2186 interemant
539 2146 656 2186 sensum
671 2127 851 2202 diductaque
865 2127 987 2186 solvant.

265 2228 310 2277 est
323 2220 431 2277 etenim
446 2219 525 2277 calor
538 2218 584 2275 ille
599 2219 708 2289 anim0,
724 2236 812 2292 quem
828 2219 923 2291 sumit,
939 2218 1025 2277 inira

265 2328 333 2368 cum
348 2310 480 2368 fervescit
495 2319 525 2368 et
539 2328 575 2367 ex
589 2310 680 2367 oculis
694 2310 783 2366 micat
797 2310 911 2367 acribus
925 2309 1012 2368 ardor
1020 2330 1030 2383 3

265 2410 310 2458 est
322 2409 352 2458 et
366 2400 468 2476 frigida
481 2400 572 2457 muita
585 2418 687 2458 comes
698 2399 862 2457 formidinis
875 2417 946 2458 aura
1122 2423 1169 2474 ²90

265 2508 340 2565 quae
355 2491 413 2548 ciet
427 2491 576 2549 horrorem
590 2491 728 2549 membris
745 2500 775 2548 et
788 2491 917 2548 concitat
930 2501 1028 2564 artus3

265 2589 310 2638 est
324 2581 410 2638 etiam
425 2599 543 2656 quoque
557 2582 654 2655 pacati
669 2591 760 2639 status
775 2580 849 2638 aeris
863 2581 919 2654 ille,

265 2680 385 2747 pectore
399 2672 551 2746 tranquillo
566 2673 599 2728 iit
613 2672 663 2746 qui
677 2672 817 2746 voltuque
831 2689 945 2730 sereno.

266 2760 320 2819 sed
333 2762 419 2819 calidi
432 2762 497 2836 pius
511 2772 555 2819 est
569 2763 621 2820 illis
635 2763 741 2837 quibus
755 2763 832 2820 acria
846 2762 936 2820 corda

265 2850 462 2926 iracundaque
477 2871 559 2911 mens
574 2854 657 2912 facile
672 2854 834 2912 effervescit
848 2854 878 2911 in
891 2854 942 2911 ira.
1122 2872 1168 2927 ²95

266 2961 327 3017 quo
341 2960 446 3018 genere
461 2944 490 3001 in
505 2944 604 3018 primis
615 2945 657 3001 vis
671 2954 716 3001 est
728 2944 856 3002 violenta
870 2944 998 3013 leonum,

266 3042 387 3108 pectora
400 3034 450 3108 qui
464 3034 577 3092 sremitu
591 3044 731 3109 rumpunt
743 3035 916 3110 plerumque
930 3045 1080 3109 gementes

266 3142 323 3182 nec
337 3142 442 3199 capere
457 3125 561 3182 irarum
576 3125 679 3183 fluctus
694 3125 724 3182 in
739 3136 859 3199 pectore
873 3136 1004 3201 possunt.

266 3224 296 3273 at
309 3224 430 3273 ventosa
443 3216 534 3290 magis
548 3234 700 3273 cervorum
715 3216 816 3292 frigida
829 3235 913 3275 mens
927 3227 972 3275 est

268 3315 298 3363 et
311 3305 420 3379 gelidas
435 3307 520 3363 citius
533 3323 586 3380 per
599 3306 711 3363 viscera
724 3307 853 3364 concitat
866 3326 951 3366 auras
1120 3327 1171 3379 300

268 3412 343 3469 quae
357 3396 512 3454 tremulum
526 3396 636 3454 faciunt
650 3397 787 3454 membris
802 3398 924 3455 existere
938 3407 1061 3457 motum.
1161 3434 1164 3439 -

268 3495 297 3542 at
308 3494 412 3543 -natura
425 3486 515 3544 boum
529 3486 646 3560 placido
661 3487 752 3560 magis
766 3488 831 3545 aere
846 3488 924 3560 vivit,
984 3518 988 3525 ·
