2792 4025
251 234 313 314 196
582 246 813 302 LUCRETIUS

246 408 388 469 disturbat
401 409 487 468 urbes
501 419 531 468 et
543 419 636 468 terrae
649 420 747 469 motus
760 410 890 471 obortus.

245 501 396 575 multaque
409 510 561 577 praeterea
573 500 744 560 ceciderunt
758 505 877 562 moenia
891 505 1003 581 magnis

244 592 373 649 motibus
386 591 417 649 in
430 592 512 649 terris
527 601 557 650 et
570 592 678 649 multae
692 610 746 667 per
760 612 840 651 mare
854 612 974 669 pessum

245 681 403 739 subsedere
417 682 476 740 suis
489 681 596 757 pariter
610 700 678 740 cum
691 683 803 742 civibus
817 684 912 743 urbes.
1103 706 1154 761 59⁰

244 771 327 847 quod
341 772 396 829 nisi
409 772 580 848 prorumpit,
594 782 693 829 tamen
708 773 836 848 impetus
850 775 914 850 ipse
928 776 1036 836 animai

245 872 275 919 et
292 863 352 920 sera
364 862 406 921 vis
419 863 499 920 venti
512 881 566 938 per
579 863 681 921 crebra
694 863 836 922 foramina
851 875 943 925 terrae

243 951 411 1028 dispertitur
423 962 456 1011 ut
468 953 570 1011 horror
584 963 614 1011 et
627 954 730 1011 incutit
744 954 814 1013 inde
829 964 985 1015 tremorem
996 978 1005 1032 3

243 1043 331 1118 frigus
345 1044 386 1102 uti
400 1053 515 1102 nostros
529 1044 645 1118 penitus
660 1063 729 1101 cum
742 1046 866 1103 venitin
880 1058 969 1121 artus,

243 1134 374 1191 concutit
388 1134 492 1192 invitos
507 1152 617 1209 cogens
631 1144 755 1193 tremere
769 1145 857 1211 atque
871 1154 1000 1196 movere.
1100 1157 1149 1213 595

243 1225 362 1299 ancipiti
375 1223 522 1299 trepidant
535 1224 620 1299 igitur
633 1235 741 1282 terrore
755 1243 807 1300 per
820 1227 908 1296 urbia,

242 1323 322 1372 tecta
335 1332 461 1390 superne
475 1315 587 1385 timent,
601 1325 737 1393 metuunt
751 1316 862 1375 inferne
876 1335 1015 1377 cavernas

241 1406 326 1465 terrai
340 1422 378 1463 ne
392 1405 533 1463 dissoluat
546 1414 648 1463 natura
660 1417 791 1479 repente,

240 1510 300 1553 neu
314 1494 452 1554 distracta
465 1513 549 1553 suum
563 1495 620 1553 late
634 1494 791 1570 dispandat
804 1496 915 1555 hiatum

241 1584 338 1659 adque
353 1586 411 1643 suis
426 1585 548 1643 confusa
560 1585 629 1643 velit
643 1586 792 1661 complere
806 1588 905 1646 ruinis.
1098 1596 1149 1648 600

239 1674 366 1750 proinde
379 1675 447 1733 licet
461 1676 592 1749 quamvis
606 1676 720 1733 caelum
734 1686 898 1752 terramque
912 1688 1029 1758 reantur

240 1767 409 1841 incorrupta
422 1765 484 1823 sore
497 1775 634 1823 aeternae
648 1765 786 1825 mandata
801 1768 884 1825 saluti
896 1789 904 1839 ;

240 1863 270 1912 et
284 1864 385 1913 tamen
400 1854 546 1913 interdum
560 1872 698 1929 praesens
713 1857 755 1914 vis
769 1857 832 1932 ipsa
846 1858 946 1933 pericli

240 1944 339 2004 subdit
353 1955 382 2002 et
397 1945 476 2003 hunc
491 1945 638 2003 stimulum
653 1946 781 2022 quadam
797 1946 835 2005 de
850 1959 931 2023 parte
946 1949 1065 2023 timoris,

238 2055 278 2095 ne
292 2036 418 2112 pedibus
432 2037 537 2112 raptim
551 2037 634 2095 tellus
649 2037 795 2096 subtracta
809 2039 915 2097 seratur
1096 2047 1144 2113 605

238 2127 268 2185 in
283 2128 449 2185 barathrum
463 2145 618 2201 rerumque
632 2137 770 2201 sequatur
783 2128 898 2203 prodita
912 2148 1026 2189 summa

238 2218 367 2276 funditus
382 2228 411 2276 et
425 2217 476 2276 fiat
489 2216 592 2274 mundi
606 2218 728 2276 confusa
741 2219 832 2277 ruina.

281 2306 446 2386 [Principio
460 2326 539 2366 mare
554 2309 693 2366 mirantur
708 2327 769 2367 non
782 2309 907 2368 reddere
921 2311 1016 2369 maius

237 2409 380 2472 naturam,
394 2417 455 2475 quo
468 2399 505 2456 sit
518 2408 615 2457 tantus
630 2398 769 2458 decursus
784 2418 934 2474 aquarum,

237 2491 336 2547 omnia
350 2506 410 2564 quo
423 2489 541 2547 veniant
555 2507 592 2546 cx
606 2490 687 2547 omni
702 2490 820 2548 flumina
834 2501 925 2566 parte.
1094 2499 1144 2550 610

236 2579 315 2638 adde
329 2599 418 2656 vagos
432 2580 531 2638 imbris
546 2589 793 2655 tempestatesque
807 2582 948 2653 volantes,

236 2671 337 2728 omnia
350 2688 426 2746 quae
440 2669 530 2727 maria
543 2687 579 2727 ac
593 2680 682 2728 terras
696 2681 893 2746 sparguntque
907 2672 1058 2747 rigantque
1070 2693 1079 2746 3

236 2759 314 2818 adde
329 2779 398 2819 suos
412 2760 518 2834 fontis;
541 2770 640 2818 tamen
654 2760 693 2818 ad
708 2761 794 2818 maris
807 2762 908 2819 omnia
922 2779 1068 2820 summam

235 2852 327 2926 guttai
341 2852 388 2909 vix
402 2852 492 2909 instar
504 2861 589 2910 erunt
603 2851 688 2909 unius
701 2850 867 2927 adaugmen
879 2873 887 2924 ;

235 2960 296 3017 quo
311 2942 405 3000 minus
420 2952 465 3000 est
478 2943 583 3000 mimm
597 2961 677 2999 mare
690 2960 753 3000 non
764 2960 920 3018 augescere
932 2961 1080 3019 magnum.
1091 2949 1140 3015 615

234 3043 386 3108 praeterea
400 3051 535 3108 magnam
551 3032 595 3091 sol
609 3043 722 3108 partem
737 3031 862 3090 detrahit
878 3043 969 3091 aestu.

234 3124 346 3200 qnippe
359 3123 493 3182 videmus
508 3124 585 3181 enim
600 3123 688 3181 vestis
703 3141 804 3180 umore
819 3123 964 3182 madentis

234 3216 382 3273 exsiccare
396 3217 455 3274 suis
469 3214 556 3272 radiis
571 3213 733 3272 ardentibu’
749 3213 859 3271 solem:

233 3316 264 3363 at
277 3306 380 3380 pelage
395 3306 486 3363 multa
500 3314 529 3362 et
543 3304 599 3362 late
614 3305 756 3362 substrata
769 3303 911 3362 videmus.

233 3396 358 3471 proinde
373 3397 441 3454 licet
455 3395 586 3469 quamvis
600 3413 637 3450 ex
650 3411 710 3450 uno
725 3411 844 3468 quoque
858 3394 925 3452 loco
940 3394 984 3452 sol
1089 3401 1140 3452 620

234 3487 343 3543 umoris
357 3503 475 3559 parvam
490 3483 599 3542 delibet
612 3483 649 3541 ab
663 3501 789 3556 aequore
804 3494 934 3558 partem:
