2792 4025
225 288 292 362 1v.]
462 291 518 344 os
544 291 691 345 RERUM
719 290 891 344 NATURA
1066 293 1124 356 113

221 449 323 510 omnia
335 467 412 526 quae
425 450 533 509 tuimur
544 450 608 510 fieri
620 459 684 510 turn
697 450 768 510 bina
780 448 903 523 tuendo,

221 540 291 600 bina
304 541 486 600 lucernarum
499 541 633 600 florentia
646 542 757 600 lumina
770 541 894 600 flammis
1076 558 1126 612 450

220 630 349 705 binaque
361 649 416 707 per
428 641 505 690 totas
518 631 600 690 aedis
614 633 762 708 geminare
777 631 909 706 supellex

221 728 252 777 et
265 720 388 796 duplicis
402 721 555 780 hominum
570 722 659 780 facies
673 730 703 779 et
717 739 841 796 corpora
853 721 932 781 bina.

221 809 349 885 denique
363 829 432 869 cum
447 815 526 870 suavi
541 811 670 870 devinxit
685 812 816 868 membra
829 828 935 885 sopore

221 918 340 959 somnus
355 910 385 958 et
398 902 428 958 in
443 919 557 959 summa
570 919 676 976 corpus
691 901 767 958 iacet
780 919 869 958 omne
884 901 992 975 quiete,

220 998 283 1048 tum
297 991 412 1066 vigilare
427 1001 526 1049 tamen
538 992 624 1049 nobis
639 1001 670 1049 et
682 991 815 1048 membra
827 1009 946 1049 movere
1075 1009 1124 1067 455

220 1091 321 1138 nostra
333 1081 475 1153 videmur,
490 1091 520 1140 et
534 1082 564 1139 in
578 1081 673 1139 noctis
687 1081 810 1155 caligine
825 1099 915 1139 caeca

220 1188 339 1229 cernere
354 1190 508 1230 censemus
521 1172 614 1230 solem
628 1172 786 1245 lumenque
801 1170 948 1242 diurnum,

220 1263 419 1336 conclusoque
434 1262 501 1320 loco
516 1262 630 1320 caelum
645 1279 724 1318 mare
739 1261 859 1318 flumina
872 1261 982 1320 montis

219 1362 332 1410 mutare
347 1362 377 1410 et
390 1370 512 1427 campos
523 1351 648 1428 pedibus
663 1351 782 1410 transire
797 1350 940 1424 videmur,

220 1451 250 1500 et
263 1443 373 1501 sonitus
386 1442 496 1513 audire,
511 1460 611 1500 severa
627 1442 741 1501 silentia
753 1442 849 1501 noctis
1075 1449 1125 1512 460

219 1531 349 1608 undique
364 1552 432 1591 cum
447 1541 592 1603 constent,
607 1541 637 1590 et
651 1531 775 1590 reddere
790 1531 870 1590 dicta
883 1540 1023 1592 tacentes.

219 1634 317 1682 cetera
329 1623 368 1681 de
383 1641 489 1699 genere
504 1624 561 1682 hoc
576 1624 716 1681 miracula
728 1623 819 1682 multa
832 1622 975 1695 videmus,

219 1731 294 1789 quae
308 1714 415 1773 violare
431 1714 522 1772 fidem
536 1715 619 1790 quasi
633 1715 765 1772 sensibus
779 1714 880 1773 omnia
892 1722 1044 1789 quaerunt,

218 1805 408 1879 nequiquam,
423 1806 563 1880 quoniam
578 1823 644 1881 pars
658 1804 763 1862 horum
777 1805 905 1862 maxima
918 1805 989 1863 fallit

218 1905 337 1971 propter
351 1896 486 1970 opinatus
500 1895 589 1952 animi
603 1913 678 1970 quos
691 1895 828 1952 addimus
843 1895 909 1970 ipsi,
1074 1901 1122 1965 4⁶5

219 2003 272 2061 pro
286 1986 353 2044 visis
367 1994 399 2044 ut
413 1986 470 2044 sint
484 2003 560 2061 quae
574 2004 635 2045 non
649 1996 716 2045 sunt
729 1986 857 2045 sensibu'
871 1985 943 2045 visa.

219 2094 288 2133 nam
302 2076 342 2133 nil
355 2077 467 2151 aegrius
482 2085 526 2134 cst
539 2094 628 2152 quarn
641 2095 687 2134 res
702 2094 854 2134 secernere
868 2086 982 2152 apertas

219 2167 257 2224 ab
271 2164 376 2239 dubiis,
390 2167 503 2225 animus
518 2184 590 2240 quas
604 2167 641 2225 ab
656 2185 687 2224 se
701 2166 833 2241 protinus
847 2165 938 2225 addit

260 2257 398 2331 Denique
413 2257 453 2314 nil
467 2257 532 2314 sciri
547 2256 635 2331 siquis
649 2266 743 2331 putat,
756 2255 788 2314 id
802 2274 922 2331 quoque
937 2255 1030 2315 nescit

218 2364 257 2405 an
271 2347 336 2405 sciri
350 2347 450 2423 possit,
465 2348 603 2421 quoniam
617 2347 658 2404 nil
671 2347 744 2404 scire
759 2347 872 2405 fatetur.
1072 2368 1122 2415 470

218 2436 297 2496 hunc
312 2438 398 2514 igitur
411 2448 514 2496 contra
527 2438 640 2495 mittam
655 2435 837 2495 contendere
851 2453 980 2508 causam,

217 2528 268 2604 qui
282 2529 378 2604 capite
392 2528 454 2605 ipse
469 2547 521 2587 sua
535 2529 565 2586 in
579 2527 677 2586 statuit
689 2526 811 2601 vestigia
824 2543 897 2585 sese.

218 2628 248 2677 et
260 2628 360 2677 tamen
373 2619 431 2677 hoc
446 2637 565 2694 quoqne
580 2618 623 2675 uti
636 2617 801 2676 concedam
814 2616 898 2688 scire,
912 2625 943 2674 at
955 2614 987 2674 id
1002 2617 1098 2692 ipsum

217 2726 365 2785 quaeram,
380 2728 449 2767 cum
463 2711 494 2769 in
508 2710 594 2768 rebus
608 2708 668 2767 veri
682 2708 723 2766 nil
737 2707 841 2765 viderit
854 2716 931 2778 ante,

215 2800 296 2858 unde
311 2800 384 2858 sciat
396 2799 468 2875 quid
483 2800 519 2859 sit
533 2801 606 2859 scire
621 2808 651 2857 et
664 2798 777 2857 nescire
791 2797 927 2870 vicissim,
1072 2815 1120 2868 4⁷5

216 2891 349 2949 notitiam
362 2891 424 2949 veri
437 2908 513 2965 quae
526 2909 572 2949 res
587 2890 709 2965 falsique
723 2889 828 2947 crearit

216 2990 246 3038 et
260 2980 381 3039 dubium
395 2992 476 3039 certo
490 2999 626 3056 quaeres
640 2979 754 3038 differre
768 2979 905 3056 probarit.

216 3070 345 3129 invenies
354 3072 458 3147 'primis
472 3073 510 3131 ab
524 3072 654 3130 sensibus
669 3088 732 3129 esse
746 3079 874 3128 creatam

215 3161 348 3219 notitiem
363 3162 422 3219 veri
436 3180 534 3237 neque
549 3179 650 3220 sensus
664 3178 751 3236 posse
765 3159 864 3219 refelli.

215 3268 284 3308 narn
298 3253 407 3310 maiore
421 3252 480 3310 fide
495 3252 583 3311 debet
596 3252 747 3327 reperirier
759 3249 839 3321 illud,

215 3351 319 3415 sponte
334 3360 387 3401 sua
400 3344 474 3401 veris
488 3342 570 3418 quod
583 3343 675 3418 possit
687 3342 804 3401 vincere
817 3340 897 3420 falsa.

215 3432 287 3508 quid
301 3434 409 3491 maiore
423 3432 482 3492 fide
497 3452 584 3508 porro
599 3452 688 3509 quam
702 3451 804 3491 sensus
818 3430 918 3489 haberi

214 3522 325 3582 debet?
345 3542 382 3581 an
397 3524 434 3582 ab
448 3542 535 3585 sensu
549 3524 620 3583 falso
634 3524 705 3582 ratio
720 3532 784 3581 orta
796 3521 903 3581 valebit

647 3615 663 3665 8
