2792 4025
208 297 276 368 Ν]
446 298 500 351 DE
527 298 673 352 RERUM
701 298 873 353 NATURA
1050 306 1108 375 135

206 476 322 534 semper
335 457 413 516 enim
428 468 526 533 partus
540 457 650 534 duplici
664 457 703 517 de
718 457 829 517 semine
843 467 967 532 constat,

205 558 293 623 atque
307 548 362 606 utri
377 549 496 605 similest
510 549 602 623 magis
616 547 647 606 id
661 547 873 623 quodcumque
887 560 1010 623 creatur,
1047 572 1112 623 1230

206 639 267 697 eius
282 639 369 696 habet
383 638 447 713 plus
461 648 543 713 parte
558 657 671 713 aequa;
693 638 775 714 quod
790 658 909 699 cernere
924 642 1028 717 possis,

205 730 265 787 sive
279 730 371 787 virum
386 729 502 786 suboles
516 729 603 787 sivest
618 730 766 787 muliebris
782 731 872 807 origo

246 820 312 878 Nec
326 819 423 877 divina
436 829 530 877 satum
543 820 699 894 genitalem
714 821 834 879 numina
848 821 984 896 cuiquam

205 910 374 981 absterrent,
389 920 471 985 pater
484 928 503 967 a
515 910 609 985 gnatis
623 928 661 969 ne
676 910 810 970 dulcibus
825 930 966 987 umquam

205 1001 366 1077 appelletur
379 1010 409 1059 et
422 1010 454 1058 ut
468 1001 554 1058 sterili
570 1002 684 1059 Venere
701 1002 796 1076 exigat
806 1021 929 1075 aevom;
1050 1019 1111 1073 1²35

205 1090 287 1167 quod
301 1091 474 1168 plerumque
491 1100 595 1165 putant
609 1101 639 1149 et
652 1091 745 1150 multo
760 1092 901 1167 sanguine
916 1091 1019 1151 maesti

205 1191 403 1257 conspergunt
417 1200 480 1239 aras
494 1181 675 1257 adolentque
691 1183 790 1240 altaria
805 1182 899 1255 donis,

204 1282 237 1330 ut
251 1272 382 1348 gravidas
395 1271 522 1330 reddant
535 1291 640 1330 uxores
655 1272 765 1329 semine
780 1272 868 1347 largo.

205 1364 383 1437 nequiquam
398 1362 498 1420 divom
513 1381 624 1420 numen
638 1363 780 1437 sortisque
796 1363 923 1438 fatigant.

152 1460 155 1464 ’
205 1472 273 1511 nam
289 1454 399 1511 steriles
413 1453 535 1511 nimium
549 1471 647 1511 crasso
662 1463 730 1511 sunt
744 1454 854 1511 semine
869 1454 975 1528 partim
1050 1473 1112 1521 1240

206 1552 236 1601 et
251 1543 361 1618 liquido
375 1553 489 1619 praeter
504 1544 611 1601 iustum
626 1544 765 1618 tenuique
780 1544 915 1602 vicissim.

205 1642 292 1691 tenve
306 1633 378 1693 locis
392 1634 461 1709 quia
475 1652 535 1691 non
549 1634 626 1708 potis
641 1642 684 1691 est
698 1633 827 1709 adfigere
841 1634 1012 1705 adhaesum,

205 1724 322 1799 liquitur
336 1726 484 1801 extemplo
498 1735 528 1782 et
543 1734 713 1783 revocatum
728 1724 808 1783 cedit
821 1726 936 1784 abortu.

206 1816 329 1875 crassius
344 1816 389 1875 his
402 1834 490 1891 porro
505 1817 644 1890 quoniam
660 1816 825 1874 concretius
838 1833 934 1890 aequo

206 1906 335 1979 mittitur,
351 1916 476 1964 autnon
490 1915 550 1964 tam
566 1906 679 1981 prolixo
693 1907 827 1981 provolat
842 1906 900 1964 ictu
1053 1923 1113 1977 ¹²45

206 2007 256 2055 aut
269 2007 421 2072 penetrare
435 1997 516 2056 locos
531 2016 624 2072 aeque
639 1998 741 2072 nequit
755 2007 804 2056 aut
819 2007 1004 2072 penetratum

207 2105 292 2162 aegre
307 2087 484 2146 admiscetur
497 2087 630 2147 muliebri
644 2089 755 2146 semine
771 2107 881 2146 semen.

207 2196 276 2235 nam
290 2178 412 2236 multum
428 2177 595 2236 harmoniae
609 2179 732 2236 Veneris
748 2179 861 2236 differre
876 2178 1019 2236 videntur.

207 2277 295 2342 atque
309 2269 379 2326 alias
394 2269 441 2326 alii
455 2269 605 2343 complent
618 2269 710 2344 magis
725 2287 761 2326 ex
775 2269 895 2342 aliisque

208 2359 374 2434 succipiunt
387 2358 459 2417 aliae
473 2359 591 2434 pondus
604 2359 696 2434 magis
712 2359 800 2433 inque
814 2368 997 2433 gravescunt.
1052 2376 1114 2428 1250

210 2458 239 2506 et
253 2450 360 2507 multae
375 2450 484 2507 steriles
500 2450 681 2524 Hymenaeis
696 2459 763 2507 ante
779 2450 894 2507 suerunt

207 2539 336 2615 pluribus
350 2548 379 2598 et
392 2549 496 2597 nactae
510 2549 577 2614 post
591 2549 658 2597 sunt
672 2549 772 2596 tamen
785 2539 864 2596 uude
880 2539 992 2614 puellos

209 2630 355 2704 suscipere
370 2639 400 2687 et
413 2639 497 2704 partu
512 2639 633 2704 possent
648 2628 790 2687 ditescere
805 2629 892 2686 dulci.

208 2729 238 2777 et
252 2721 357 2794 quibus
371 2731 437 2777 ante
452 2720 534 2777 domi
548 2717 692 2778 fecundae
708 2737 796 2794 saepe
812 2721 982 2794 nequissent
1064 2726 1066 2730 ’

207 2828 313 2868 uxores
326 2829 437 2885 parere,
452 2811 596 2868 inventast
609 2810 663 2868 illis
677 2827 797 2885 quoque
812 2828 932 2885 compar
1053 2831 1081 2866 12
1084 2829 1097 2882 5
1101 2828 1113 2882 5

208 2910 318 2971 natura,
334 2910 365 2957 ut
379 2910 498 2974 possent
511 2901 604 2975 gnatis
618 2902 731 2958 munire
747 2910 907 2958 senectam.

208 3008 302 3065 usque
317 2989 394 3048 adeo
409 2991 505 3066 magni
519 2991 614 3061 refert,
630 3000 661 3049 ut
675 2991 787 3049 semina
801 2989 914 3065 possint

210 3081 369 3138 seminibus
383 3081 566 3138 commisceri
581 3081 743 3154 genitaliter
757 3091 833 3154 apta,

209 3188 343 3228 crassane
357 3170 532 3228 conveniant
545 3171 661 3245 liquidis
676 3181 706 3228 et
719 3169 828 3244 liquida
842 3170 953 3228 crassis

209 3270 297 3334 atque
311 3261 342 3318 in
356 3278 393 3318 eo
407 3261 492 3318 refert
507 3279 567 3336 quo
581 3262 658 3318 victu
672 3261 731 3318 vita
745 3260 876 3331 colatur;
1054 3265 1115 3316 1260

209 3369 337 3426 namque
352 3351 413 3408 aliis
427 3351 512 3408 rebus
527 3360 720 3408 concrescunt
734 3351 846 3422 semina
860 3348 997 3408 membris

209 3451 298 3517 atque
312 3441 374 3499 aliis
388 3451 580 3498 extenvantur
594 3429 752 3516 tabentque
766 3440 901 3498 vicissim.

210 3539 241 3591 et
254 3532 360 3607 quibus
374 3531 438 3607 ipsa
451 3531 547 3590 modis
561 3540 698 3590 tractetur
711 3530 818 3589 blanda
831 3529 974 3604 voluptas,
