2792 4025
278 272 322 338 94
614 269 846 326 LUCRETIUS
1107 269 1180 340 [ΙΙΙ.

277 450 315 490 ex
329 431 428 491 animo
442 440 475 491 ut
488 431 588 491 dicant
602 433 717 491 ‘brevis
730 432 778 490 hic
792 442 837 490 est
849 433 959 490 fructus
972 432 1108 490 homullis
1118 453 1128 506 ;

276 522 335 580 iam
350 524 434 581 fuerit
447 540 545 597 neque
559 533 626 598 post
640 541 781 598 umquam
793 541 930 582 revocare
944 523 1061 582 licebit)
1132 546 1160 597 9¹
1165 542 1180 596 5

276 622 426 689 tamquam
441 615 471 671 iu
485 624 579 672 morte
594 615 661 672 mali
676 633 744 671 cum
759 614 858 688 primis
873 614 931 671 hoc
944 614 981 671 sit
995 631 1107 686 eorum,

277 704 358 778 quod
373 705 433 762 sitis
447 714 548 762 exurat
562 705 682 762 miseros
698 715 786 778 atque
802 704 883 761 arida
897 714 996 777 torres,

275 803 326 852 aut
339 795 412 852 aliae
427 795 509 853 cuius
523 794 702 866 desiderium
715 793 839 853 insideat
853 795 903 852 rei.

275 902 331 940 nec
347 885 400 942 sibi
416 885 494 942 enim
508 885 663 960 quisquam
677 894 740 942 tum
754 902 785 942 se
800 885 947 958 vitamque
961 884 1090 958 requirit,

275 992 343 1031 cum
358 976 464 1050 pariter
478 993 560 1032 mens
575 985 604 1033 et
618 993 725 1050 corpus
738 975 833 1049 sopita
847 976 1019 1048 quiescunt,
1130 997 1180 1049 920

273 1082 342 1122 nam
356 1066 424 1124 licet
439 1075 589 1123 aeternum
603 1085 656 1142 per
668 1084 724 1124 nos
737 1066 779 1123 sic
793 1083 856 1123 esse
871 1083 1018 1140 soporem,

272 1173 330 1214 nec
345 1156 522 1215 desiderium
536 1158 628 1216 nostri
641 1175 696 1215 nos
710 1155 811 1215 adficit
824 1156 923 1214 ullum.

273 1255 302 1304 et
317 1255 415 1305 tamen
430 1247 657 1322 haudquaquam
671 1256 786 1306 nostros
799 1256 871 1305 tunc
885 1247 933 1304 illa
946 1265 999 1322 per
1012 1256 1090 1305 artus

271 1337 359 1413 longe
374 1338 412 1396 ab
426 1338 571 1396 sensiferis
585 1337 744 1413 primordia
756 1338 884 1396 motibus
898 1347 1003 1408 errant,

271 1446 340 1485 cum
354 1438 504 1504 correptus
519 1428 609 1486 homo
624 1447 661 1486 ex
675 1447 780 1487 somno
794 1447 825 1486 se
840 1428 950 1504 colligit
963 1428 1036 1504 ipse.
1127 1447 1175 1501 925

270 1519 362 1576 multo
377 1519 462 1594 igitur
476 1529 601 1578 mortem
615 1520 711 1578 miuus
725 1518 764 1576 ad
778 1538 833 1577 nos
847 1537 910 1577 esse
925 1517 1125 1594 putandumst,

270 1609 295 1666 si
309 1610 404 1667 minus
419 1627 482 1667 esse
497 1619 595 1685 potest
609 1628 697 1685 quam
712 1608 794 1684 quod
808 1611 848 1667 nil
863 1627 927 1668 esse
941 1609 1095 1683 videmus,

270 1700 363 1757 maior
377 1700 455 1758 enim
470 1701 571 1758 turbae
586 1699 725 1758 disiectus
739 1701 870 1758 materiai

270 1791 459 1864 consequitur
472 1791 531 1848 leto
545 1808 602 1848 uec
616 1791 771 1866 quisquam
786 1791 951 1866 expergitus
966 1799 1068 1862 exstat,

269 1879 373 1956 frigida
387 1898 476 1955 quem
488 1881 579 1938 semel
593 1891 637 1939 est
651 1881 719 1940 vitai
732 1901 824 1957 pausa
837 1892 947 1940 secuta
1125 1902 1176 1956 930

310 1971 446 2046 Denique
461 1971 485 2030 si
498 1990 603 2031 vocem
618 1990 715 2031 rerum
729 1984 831 2032 natura
844 1983 966 2049 repente

267 2062 364 2120 mittat
378 2071 407 2121 et
421 2062 479 2120 hoc
493 2063 579 2122 alicui
592 2074 725 2123 nostrum
740 2065 782 2122 sic
797 2066 929 2140 increpet
943 2066 1007 2141 ipsa

268 2152 358 2227 ‘quid
372 2153 425 2212 tibi
439 2163 519 2212 tanto
534 2164 660 2229 operest,
676 2155 811 2226 mortalis,
828 2154 912 2230 quod
927 2157 1013 2215 nimis
1027 2156 1121 2232 aegris

266 2243 392 2302 luctibus
405 2243 559 2320 indulges?
576 2244 648 2320 quid
663 2256 787 2304 mortem
803 2247 954 2320 congemis
969 2265 1004 2304 ac
1018 2248 1090 2305 fles?

266 2352 335 2392 uam
349 2336 435 2409 gratis
450 2344 586 2393 anteacta
599 2336 652 2394 fuit
665 2336 719 2394 tibi
732 2336 789 2393 vita
802 2337 939 2412 priorque
1124 2358 1155 2411 93
1157 2356 1172 2410 5

266 2435 296 2481 et
310 2443 371 2483 non
385 2426 484 2483 omnia
497 2435 646 2500 pertusum
662 2436 803 2501 congesta
815 2428 899 2501 quasi
912 2427 943 2484 in
956 2446 1006 2486 vas

265 2514 425 2573 commoda
438 2516 600 2591 perfluxere
614 2526 702 2591 atque
717 2517 829 2592 ingrata
842 2518 975 2576 interiere
988 2539 995 2576 ε

265 2624 317 2663 cur
330 2624 391 2664 non
405 2618 437 2663 ut
450 2607 554 2681 plenus
567 2606 643 2665 vitae
658 2608 781 2665 conviva
793 2608 907 2666 recedis

264 2713 360 2771 aequo
375 2696 532 2770 animoque
547 2698 629 2772 capis
641 2716 784 2770 securam,
799 2698 893 2769 stulte,
909 2698 1059 2774 quietem?

264 2787 309 2844 sin
324 2804 360 2843 ea
373 2804 449 2861 quae
464 2787 572 2845 fructus
587 2806 715 2863 cumque
729 2807 762 2846 es
775 2790 887 2865 periere
902 2790 1020 2864 profusa
1122 2812 1172 2863 940

263 2877 380 2950 vitaque
396 2881 426 2934 iu
441 2878 589 2950 offensust,
605 2897 658 2936 cur
670 2880 795 2953 amplius
809 2880 918 2938 addere
934 2880 1058 2954 quaeris

263 2985 377 3024 rursum
392 2966 473 3041 quod
488 2977 589 3042 pereat
602 2969 677 3026 male
693 2984 723 3027 et
736 2975 878 3044 ingratum
894 2969 1012 3028 occidat
1025 2988 1124 3043 omne,

263 3075 325 3114 non
339 3058 437 3131 potius
451 3057 525 3115 vitae
540 3058 631 3116 finem
645 3059 717 3117 facis
730 3070 818 3135 atque
833 3061 960 3118 laboris?

262 3165 332 3205 nam
347 3148 399 3205 tibi
413 3158 564 3222 praeterea
577 3148 659 3223 quod
672 3150 822 3208 machiner
835 3151 1049 3226 inveniamque,

263 3236 346 3312 quod
359 3239 482 3313 placeat,
498 3239 537 3296 nil
552 3248 614 3297 est:
637 3239 743 3298 eadem
758 3250 824 3299 sunt
838 3242 939 3300 omnia
952 3260 1076 3316 semper.
1119 3261 1168 3316 945

262 3328 287 3387 si
301 3328 352 3387 tibi
366 3346 428 3387 non
442 3330 525 3387 annis
540 3348 647 3405 corpus
661 3331 720 3388 iam
735 3341 845 3389 marcet
859 3341 889 3389 et
902 3341 980 3389 artus

262 3419 391 3477 confecti
404 3419 551 3495 languent,
567 3420 672 3479 eadem
686 3431 785 3479 tamen
799 3423 899 3482 omnia
911 3431 1029 3495 restant,

262 3510 363 3569 omnia
376 3510 400 3569 si
413 3528 517 3587 pergas
530 3510 657 3571 vivendo
670 3512 787 3570 vincere
802 3512 906 3585 saecla,

1381 243 1386 388 l
