<?xml version="1.0" encoding="UTF-8"?>
<!DOCTYPE html PUBLIC "-//W3C//DTD XHTML 1.0 Transitional//EN"
    "http://www.w3.org/TR/xhtml1/DTD/xhtml1-transitional.dtd">
<html xmlns="http://www.w3.org/1999/xhtml" xml:lang="en" lang="en">
 <head>
  <title>
</title>
<meta http-equiv="Content-Type" content="text/html;charset=utf-8" />
  <meta name='ocr-system' content='tesseract 3.04.00' />
  <meta name='ocr-capabilities' content='ocr_page ocr_carea ocr_par ocr_line ocrx_word'/>
</head>
<body>
  <div class='ocr_page' id='page_1' title='image "./tlucreticarider01kelsgoog_0103.png"; bbox 0 0 2792 4025; ppageno 0'>
   <div class='ocr_carea' id='block_1_1' title="bbox 220 296 1122 396">
    <p class='ocr_par' dir='ltr' id='par_1_1' title="bbox 220 296 1122 396">
     <span class='ocr_line' id='line_1_1' title="bbox 220 296 1122 396; baseline 0.003 -44"><span class='ocrx_word' id='word_1_1' title='bbox 220 299 276 371; x_wconf 74' lang='lat' dir='ltr'>iu]</span> <span class='ocrx_word' id='word_1_2' title='bbox 444 296 501 350; x_wconf 77' lang='lat' dir='ltr'>be</span> <span class='ocrx_word' id='word_1_3' title='bbox 526 300 673 353; x_wconf 80' lang='lat' dir='ltr'>RERUM</span> <span class='ocrx_word' id='word_1_4' title='bbox 701 300 873 396; x_wconf 69' lang='lat' dir='ltr'>Nnrpnn</span> <span class='ocrx_word' id='word_1_5' title='bbox 1079 303 1122 370; x_wconf 86' lang='lat'>39</span> 
     </span>
    </p>
   </div>
   <div class='ocr_carea' id='block_1_2' title="bbox 198 458 1123 3611">
    <p class='ocr_par' dir='ltr' id='par_1_2' title="bbox 215 458 1118 896">
     <span class='ocr_line' id='line_1_2' title="bbox 216 458 963 535; baseline 0.005 -19"><span class='ocrx_word' id='word_1_6' title='bbox 216 459 426 535; x_wconf 86' lang='lat' dir='ltr'>multiplexque</span> <span class='ocrx_word' id='word_1_7' title='bbox 439 458 497 518; x_wconf 94' lang='lat' dir='ltr'>loci</span> <span class='ocrx_word' id='word_1_8' title='bbox 511 460 635 534; x_wconf 84' lang='lat' dir='ltr'>spatium</span> <span class='ocrx_word' id='word_1_9' title='bbox 649 470 841 519; x_wconf 86' lang='lat' dir='ltr'>transcurrere</span> <span class='ocrx_word' id='word_1_10' title='bbox 856 461 963 520; x_wconf 89' lang='lat' dir='ltr'>eodem</span> 
     </span>
     <span class='ocr_line' id='line_1_3' title="bbox 215 551 950 627; baseline 0.007 -21"><span class='ocrx_word' id='word_1_11' title='bbox 215 559 349 625; x_wconf 91' lang='lat' dir='ltr'>tempore</span> <span class='ocrx_word' id='word_1_12' title='bbox 364 568 424 625; x_wconf 92' lang='lat' dir='ltr'>quo</span> <span class='ocrx_word' id='word_1_13' title='bbox 438 551 505 609; x_wconf 89' lang='lat' dir='ltr'>solis</span> <span class='ocrx_word' id='word_1_14' title='bbox 519 552 689 626; x_wconf 86' lang='lat' dir='ltr'>pervolgant</span> <span class='ocrx_word' id='word_1_15' title='bbox 703 553 814 627; x_wconf 82' lang='lat' dir='ltr'><strong>fulgura</strong></span> <span class='ocrx_word' id='word_1_16' title='bbox 827 552 950 611; x_wconf 90' lang='lat' dir='ltr'>caelum.</span> 
     </span>
     <span class='ocr_line' id='line_1_4' title="bbox 657 649 675 686; baseline 0 0"><span class='ocrx_word' id='word_1_17' title='bbox 657 649 675 686; x_wconf 65' lang='lat' dir='ltr'>a</span> 
     </span>
     <span class='ocr_line' id='line_1_5' title="bbox 219 727 1118 808; baseline 0.006 -21"><span class='ocrx_word' id='word_1_18' title='bbox 219 727 292 806; x_wconf 90' lang='lat' dir='ltr'>[nec</span> <span class='ocrx_word' id='word_1_19' title='bbox 306 731 463 805; x_wconf 88' lang='lat' dir='ltr'>persectari</span> <span class='ocrx_word' id='word_1_20' title='bbox 476 729 635 806; x_wconf 87' lang='lat' dir='ltr'>primordia</span> <span class='ocrx_word' id='word_1_21' title='bbox 648 731 760 805; x_wconf 86' lang='lat' dir='ltr'>singula</span> <span class='ocrx_word' id='word_1_22' title='bbox 773 749 918 808; x_wconf 83' lang='lat' dir='ltr'>quaeque,</span> <span class='ocrx_word' id='word_1_23' title='bbox 1074 741 1118 805; x_wconf 84' lang='lat'>165</span> 
     </span>
     <span class='ocr_line' id='line_1_6' title="bbox 215 819 939 896; baseline 0.008 -20"><span class='ocrx_word' id='word_1_24' title='bbox 215 830 248 877; x_wconf 95' lang='lat' dir='ltr'>ut</span> <span class='ocrx_word' id='word_1_25' title='bbox 261 819 380 878; x_wconf 87' lang='lat' dir='ltr'>videant</span> <span class='ocrx_word' id='word_1_26' title='bbox 394 839 452 895; x_wconf 87' lang='lat' dir='ltr'>qua</span> <span class='ocrx_word' id='word_1_27' title='bbox 466 822 592 896; x_wconf 89' lang='lat' dir='ltr'>quicque</span> <span class='ocrx_word' id='word_1_28' title='bbox 606 831 723 896; x_wconf 86' lang='lat' dir='ltr'>geratur</span> <span class='ocrx_word' id='word_1_29' title='bbox 735 839 804 879; x_wconf 89' lang='lat' dir='ltr'>cum</span> <span class='ocrx_word' id='word_1_30' title='bbox 817 823 939 882; x_wconf 87' lang='lat' dir='ltr'>ratione.</span> 
     </span>
    </p>

    <p class='ocr_par' dir='ltr' id='par_1_3' title="bbox 214 911 1121 1711">
     <span class='ocr_line' id='line_1_7' title="bbox 255 911 900 986; baseline 0.005 -18"><span class='ocrx_word' id='word_1_31' title='bbox 255 913 294 968; x_wconf 93' lang='lat' dir='ltr'>At</span> <span class='ocrx_word' id='word_1_32' title='bbox 308 911 428 985; x_wconf 89' lang='lat' dir='ltr'>quidam</span> <span class='ocrx_word' id='word_1_33' title='bbox 443 921 546 969; x_wconf 87' lang='lat' dir='ltr'>contra</span> <span class='ocrx_word' id='word_1_34' title='bbox 559 912 640 982; x_wconf 89' lang='lat' dir='ltr'>haec,</span> <span class='ocrx_word' id='word_1_35' title='bbox 656 911 747 986; x_wconf 89' lang='lat' dir='ltr'>ignari</span> <span class='ocrx_word' id='word_1_36' title='bbox 760 914 900 986; x_wconf 87' lang='lat' dir='ltr'>materiai,</span> 
     </span>
     <span class='ocr_line' id='line_1_8' title="bbox 214 1001 974 1077; baseline 0.005 -19"><span class='ocrx_word' id='word_1_37' title='bbox 214 1011 347 1059; x_wconf 88' lang='lat' dir='ltr'>naturam</span> <span class='ocrx_word' id='word_1_38' title='bbox 361 1020 422 1059; x_wconf 92' lang='lat' dir='ltr'>non</span> <span class='ocrx_word' id='word_1_39' title='bbox 436 1020 523 1077; x_wconf 92' lang='lat' dir='ltr'>posse</span> <span class='ocrx_word' id='word_1_40' title='bbox 534 1001 624 1059; x_wconf 91' lang='lat' dir='ltr'>deum</span> <span class='ocrx_word' id='word_1_41' title='bbox 639 1003 701 1061; x_wconf 92' lang='lat' dir='ltr'>sine</span> <span class='ocrx_word' id='word_1_42' title='bbox 715 1004 835 1062; x_wconf 90' lang='lat' dir='ltr'>numine</span> <span class='ocrx_word' id='word_1_43' title='bbox 850 1004 974 1062; x_wconf 90' lang='lat' dir='ltr'>credunt</span> 
     </span>
     <span class='ocr_line' id='line_1_9' title="bbox 215 1092 929 1167; baseline 0.004 -18"><span class='ocrx_word' id='word_1_44' title='bbox 215 1101 297 1149; x_wconf 88' lang='lat' dir='ltr'>tanto</span> <span class='ocrx_word' id='word_1_45' title='bbox 312 1110 401 1167; x_wconf 91' lang='lat' dir='ltr'>opere</span> <span class='ocrx_word' id='word_1_46' title='bbox 417 1092 550 1150; x_wconf 87' lang='lat' dir='ltr'>humanis</span> <span class='ocrx_word' id='word_1_47' title='bbox 564 1093 724 1151; x_wconf 89' lang='lat' dir='ltr'>rationibus</span> <span class='ocrx_word' id='word_1_48' title='bbox 738 1093 929 1152; x_wconf 87' lang='lat' dir='ltr'>admoderate</span> 
     </span>
     <span class='ocr_line' id='line_1_10' title="bbox 215 1185 1121 1259; baseline 0.001 -20"><span class='ocrx_word' id='word_1_49' title='bbox 215 1191 348 1257; x_wconf 85' lang='lat' dir='ltr'>tempora</span> <span class='ocrx_word' id='word_1_50' title='bbox 362 1192 474 1240; x_wconf 89' lang='lat' dir='ltr'>mutare</span> <span class='ocrx_word' id='word_1_51' title='bbox 489 1201 633 1241; x_wconf 91' lang='lat' dir='ltr'>annorum</span> <span class='ocrx_word' id='word_1_52' title='bbox 648 1185 802 1259; x_wconf 87' lang='lat' dir='ltr'>frugesque</span> <span class='ocrx_word' id='word_1_53' title='bbox 817 1203 925 1258; x_wconf 91' lang='lat' dir='ltr'>creare,</span> <span class='ocrx_word' id='word_1_54' title='bbox 1074 1205 1121 1251; x_wconf 88' lang='lat'>170</span> 
     </span>
     <span class='ocr_line' id='line_1_11' title="bbox 215 1273 880 1348; baseline 0.006 -18"><span class='ocrx_word' id='word_1_55' title='bbox 215 1283 245 1330; x_wconf 91' lang='lat' dir='ltr'>et</span> <span class='ocrx_word' id='word_1_56' title='bbox 259 1273 316 1330; x_wconf 91' lang='lat' dir='ltr'>iam</span> <span class='ocrx_word' id='word_1_57' title='bbox 330 1286 435 1344; x_wconf 88' lang='lat' dir='ltr'>cetera,</span> <span class='ocrx_word' id='word_1_58' title='bbox 450 1274 578 1333; x_wconf 86' lang='lat' dir='ltr'>mortalis</span> <span class='ocrx_word' id='word_1_59' title='bbox 592 1293 668 1348; x_wconf 85' lang='lat' dir='ltr'>quae</span> <span class='ocrx_word' id='word_1_60' title='bbox 682 1274 786 1332; x_wconf 86' lang='lat' dir='ltr'>suadet</span> <span class='ocrx_word' id='word_1_61' title='bbox 800 1275 880 1334; x_wconf 90' lang='lat' dir='ltr'>adire</span> 
     </span>
     <span class='ocr_line' id='line_1_12' title="bbox 215 1363 847 1440; baseline 0.006 -20"><span class='ocrx_word' id='word_1_62' title='bbox 215 1363 336 1438; x_wconf 86' lang='lat' dir='ltr'>ipsaque</span> <span class='ocrx_word' id='word_1_63' title='bbox 351 1363 474 1422; x_wconf 90' lang='lat' dir='ltr'>deducit</span> <span class='ocrx_word' id='word_1_64' title='bbox 488 1363 548 1423; x_wconf 87' lang='lat' dir='ltr'>dux</span> <span class='ocrx_word' id='word_1_65' title='bbox 561 1365 637 1422; x_wconf 90' lang='lat' dir='ltr'>vitae</span> <span class='ocrx_word' id='word_1_66' title='bbox 651 1363 701 1422; x_wconf 92' lang='lat' dir='ltr'>dia</span> <span class='ocrx_word' id='word_1_67' title='bbox 714 1365 847 1440; x_wconf 87' lang='lat' dir='ltr'>voluptas</span> 
     </span>
     <span class='ocr_line' id='line_1_13' title="bbox 216 1454 960 1531; baseline 0.003 -21"><span class='ocrx_word' id='word_1_68' title='bbox 216 1464 246 1511; x_wconf 92' lang='lat' dir='ltr'>et</span> <span class='ocrx_word' id='word_1_69' title='bbox 258 1472 304 1512; x_wconf 91' lang='lat' dir='ltr'>res</span> <span class='ocrx_word' id='word_1_70' title='bbox 317 1471 371 1530; x_wconf 89' lang='lat' dir='ltr'>per</span> <span class='ocrx_word' id='word_1_71' title='bbox 383 1455 505 1513; x_wconf 90' lang='lat' dir='ltr'>Veneris</span> <span class='ocrx_word' id='word_1_72' title='bbox 519 1454 665 1514; x_wconf 86' lang='lat' dir='ltr'>blanditur</span> <span class='ocrx_word' id='word_1_73' title='bbox 679 1455 774 1513; x_wconf 86' lang='lat' dir='ltr'>saecla</span> <span class='ocrx_word' id='word_1_74' title='bbox 788 1465 960 1531; x_wconf 84' lang='lat' dir='ltr'>propagent,</span> 
     </span>
     <span class='ocr_line' id='line_1_14' title="bbox 214 1543 1037 1620; baseline 0.001 -19"><span class='ocrx_word' id='word_1_75' title='bbox 214 1562 253 1601; x_wconf 90' lang='lat' dir='ltr'>ne</span> <span class='ocrx_word' id='word_1_76' title='bbox 267 1562 360 1619; x_wconf 90' lang='lat' dir='ltr'>genus</span> <span class='ocrx_word' id='word_1_77' title='bbox 373 1543 490 1602; x_wconf 89' lang='lat' dir='ltr'>occidat</span> <span class='ocrx_word' id='word_1_78' title='bbox 504 1545 674 1604; x_wconf 87' lang='lat' dir='ltr'>humanum.</span> <span class='ocrx_word' id='word_1_79' title='bbox 695 1563 820 1620; x_wconf 92' lang='lat' dir='ltr'>quorum</span> <span class='ocrx_word' id='word_1_80' title='bbox 835 1547 935 1604; x_wconf 87' lang='lat' dir='ltr'>omnia</span> <span class='ocrx_word' id='word_1_81' title='bbox 948 1564 1037 1603; x_wconf 89' lang='lat' dir='ltr'>causa</span> 
     </span>
     <span class='ocr_line' id='line_1_15' title="bbox 215 1635 1117 1711; baseline 0 -19"><span class='ocrx_word' id='word_1_82' title='bbox 215 1636 399 1694; x_wconf 90' lang='lat' dir='ltr'>constituisse</span> <span class='ocrx_word' id='word_1_83' title='bbox 414 1635 487 1693; x_wconf 91' lang='lat' dir='ltr'>deos</span> <span class='ocrx_word' id='word_1_84' title='bbox 501 1655 568 1694; x_wconf 93' lang='lat' dir='ltr'>cum</span> <span class='ocrx_word' id='word_1_85' title='bbox 582 1636 705 1711; x_wconf 91' lang='lat' dir='ltr'>fingunt,</span> <span class='ocrx_word' id='word_1_86' title='bbox 722 1637 853 1695; x_wconf 88' lang='lat' dir='ltr'>omnibu’</span> <span class='ocrx_word' id='word_1_87' title='bbox 868 1637 955 1695; x_wconf 90' lang='lat' dir='ltr'>rebus</span> <span class='ocrx_word' id='word_1_88' title='bbox 1073 1657 1101 1702; x_wconf 87' lang='lat'>17</span> <span class='ocrx_word' id='word_1_89' title='bbox 1104 1656 1117 1706; x_wconf 81' lang='lat'><strong>5</strong></span> 
     </span>
    </p>

    <p class='ocr_par' dir='ltr' id='par_1_4' title="bbox 198 1725 1122 2437">
     <span class='ocr_line' id='line_1_16' title="bbox 198 1725 905 1802; baseline 0.004 -21"><span class='ocrx_word' id='word_1_90' title='bbox 198 1775 201 1780; x_wconf 91' lang='lat'><em>.</em></span> <span class='ocrx_word' id='word_1_91' title='bbox 215 1743 323 1800; x_wconf 85' lang='lat' dir='ltr'>magno</span> <span class='ocrx_word' id='word_1_92' title='bbox 338 1744 428 1801; x_wconf 91' lang='lat' dir='ltr'>opere</span> <span class='ocrx_word' id='word_1_93' title='bbox 442 1745 460 1784; x_wconf 92' lang='lat' dir='ltr'>a</span> <span class='ocrx_word' id='word_1_94' title='bbox 473 1745 540 1784; x_wconf 92' lang='lat' dir='ltr'>vera</span> <span class='ocrx_word' id='word_1_95' title='bbox 553 1727 626 1802; x_wconf 88' lang='lat' dir='ltr'>lapsi</span> <span class='ocrx_word' id='word_1_96' title='bbox 639 1727 751 1784; x_wconf 90' lang='lat' dir='ltr'>ratione</span> <span class='ocrx_word' id='word_1_97' title='bbox 761 1725 905 1784; x_wconf 88' lang='lat' dir='ltr'>videntur.</span> 
     </span>
     <span class='ocr_line' id='line_1_17' title="bbox 215 1817 1027 1892; baseline 0.001 -19"><span class='ocrx_word' id='word_1_98' title='bbox 215 1835 284 1874; x_wconf 88' lang='lat' dir='ltr'>nam</span> <span class='ocrx_word' id='word_1_99' title='bbox 299 1817 430 1891; x_wconf 87' lang='lat' dir='ltr'>quamvis</span> <span class='ocrx_word' id='word_1_100' title='bbox 443 1835 539 1874; x_wconf 90' lang='lat' dir='ltr'>rerum</span> <span class='ocrx_word' id='word_1_101' title='bbox 553 1817 685 1892; x_wconf 85' lang='lat' dir='ltr'>ignorem</span> <span class='ocrx_word' id='word_1_102' title='bbox 698 1817 857 1892; x_wconf 88' lang='lat' dir='ltr'>primordia</span> <span class='ocrx_word' id='word_1_103' title='bbox 870 1835 946 1892; x_wconf 89' lang='lat' dir='ltr'>quae</span> <span class='ocrx_word' id='word_1_104' title='bbox 961 1817 1027 1888; x_wconf 91' lang='lat' dir='ltr'>sint,</span> 
     </span>
     <span class='ocr_line' id='line_1_18' title="bbox 217 1905 886 1982; baseline 0.001 -19"><span class='ocrx_word' id='word_1_105' title='bbox 217 1905 274 1964; x_wconf 90' lang='lat' dir='ltr'>hoc</span> <span class='ocrx_word' id='word_1_106' title='bbox 288 1917 387 1964; x_wconf 90' lang='lat' dir='ltr'>tamen</span> <span class='ocrx_word' id='word_1_107' title='bbox 401 1925 438 1964; x_wconf 88' lang='lat' dir='ltr'>ex</span> <span class='ocrx_word' id='word_1_108' title='bbox 452 1908 520 1982; x_wconf 90' lang='lat' dir='ltr'>ipsis</span> <span class='ocrx_word' id='word_1_109' title='bbox 534 1907 608 1965; x_wconf 91' lang='lat' dir='ltr'>caeli</span> <span class='ocrx_word' id='word_1_110' title='bbox 620 1907 780 1965; x_wconf 88' lang='lat' dir='ltr'>rationibus</span> <span class='ocrx_word' id='word_1_111' title='bbox 794 1909 886 1965; x_wconf 90' lang='lat' dir='ltr'>ausim</span> 
     </span>
     <span class='ocr_line' id='line_1_19' title="bbox 217 1996 933 2073; baseline 0.001 -18"><span class='ocrx_word' id='word_1_112' title='bbox 217 1997 388 2055; x_wconf 88' lang='lat' dir='ltr'>confirmare</span> <span class='ocrx_word' id='word_1_113' title='bbox 403 1997 522 2073; x_wconf 89' lang='lat' dir='ltr'>aliisque</span> <span class='ocrx_word' id='word_1_114' title='bbox 536 2017 574 2055; x_wconf 90' lang='lat' dir='ltr'>ex</span> <span class='ocrx_word' id='word_1_115' title='bbox 587 1998 673 2056; x_wconf 92' lang='lat' dir='ltr'>rebus</span> <span class='ocrx_word' id='word_1_116' title='bbox 687 1996 811 2056; x_wconf 89' lang='lat' dir='ltr'>reddere</span> <span class='ocrx_word' id='word_1_117' title='bbox 826 1997 933 2072; x_wconf 87' lang='lat' dir='ltr'>multis,</span> 
     </span>
     <span class='ocr_line' id='line_1_20' title="bbox 216 2088 1122 2163; baseline -0.002 -18"><span class='ocrx_word' id='word_1_118' title='bbox 216 2106 403 2163; x_wconf 85' lang='lat' dir='ltr'>nequaquam</span> <span class='ocrx_word' id='word_1_119' title='bbox 417 2089 502 2146; x_wconf 94' lang='lat' dir='ltr'>nobis</span> <span class='ocrx_word' id='word_1_120' title='bbox 516 2088 653 2147; x_wconf 90' lang='lat' dir='ltr'>divinitus</span> <span class='ocrx_word' id='word_1_121' title='bbox 667 2106 731 2145; x_wconf 91' lang='lat' dir='ltr'>esse</span> <span class='ocrx_word' id='word_1_122' title='bbox 746 2098 873 2146; x_wconf 88' lang='lat' dir='ltr'>creatam</span> <span class='ocrx_word' id='word_1_123' title='bbox 1076 2096 1122 2144; x_wconf 88' lang='lat'>180</span> 
     </span>
     <span class='ocr_line' id='line_1_21' title="bbox 216 2177 912 2254; baseline 0 -17"><span class='ocrx_word' id='word_1_124' title='bbox 216 2189 348 2237; x_wconf 89' lang='lat' dir='ltr'>naturam</span> <span class='ocrx_word' id='word_1_125' title='bbox 363 2178 483 2237; x_wconf 89' lang='lat' dir='ltr'>mundi:</span> <span class='ocrx_word' id='word_1_126' title='bbox 506 2189 587 2237; x_wconf 88' lang='lat' dir='ltr'>tanta</span> <span class='ocrx_word' id='word_1_127' title='bbox 600 2188 657 2236; x_wconf 90' lang='lat' dir='ltr'>stat</span> <span class='ocrx_word' id='word_1_128' title='bbox 670 2177 802 2254; x_wconf 87' lang='lat' dir='ltr'>praedita</span> <span class='ocrx_word' id='word_1_129' title='bbox 816 2180 912 2254; x_wconf 86' lang='lat' dir='ltr'>culpa.</span> 
     </span>
     <span class='ocr_line' id='line_1_22' title="bbox 217 2269 951 2349; baseline 0 -22"><span class='ocrx_word' id='word_1_130' title='bbox 217 2288 292 2349; x_wconf 86' lang='lat' dir='ltr'>quae</span> <span class='ocrx_word' id='word_1_131' title='bbox 307 2270 358 2327; x_wconf 90' lang='lat' dir='ltr'>tibi</span> <span class='ocrx_word' id='word_1_132' title='bbox 371 2270 522 2344; x_wconf 68' lang='lat' dir='ltr'>posterius</span> <span class='ocrx_word' id='word_1_133' title='bbox 539 2270 672 2340; x_wconf 89' lang='lat' dir='ltr'>Memmi,</span> <span class='ocrx_word' id='word_1_134' title='bbox 688 2269 828 2327; x_wconf 83' lang='lat' dir='ltr'>faciemus</span> <span class='ocrx_word' id='word_1_135' title='bbox 842 2278 951 2344; x_wconf 87' lang='lat' dir='ltr'>aperta.</span> 
     </span>
     <span class='ocr_line' id='line_1_23' title="bbox 216 2358 1010 2437; baseline -0.003 -18"><span class='ocrx_word' id='word_1_136' title='bbox 216 2379 296 2419; x_wconf 89' lang='lat' dir='ltr'>nunc</span> <span class='ocrx_word' id='word_1_137' title='bbox 311 2358 341 2418; x_wconf 94' lang='lat' dir='ltr'>id</span> <span class='ocrx_word' id='word_1_138' title='bbox 355 2360 437 2435; x_wconf 90' lang='lat' dir='ltr'>quod</span> <span class='ocrx_word' id='word_1_139' title='bbox 451 2370 583 2435; x_wconf 91' lang='lat' dir='ltr'>superest</span> <span class='ocrx_word' id='word_1_140' title='bbox 596 2358 635 2418; x_wconf 94' lang='lat' dir='ltr'>de</span> <span class='ocrx_word' id='word_1_141' title='bbox 649 2359 777 2417; x_wconf 91' lang='lat' dir='ltr'>motibus</span> <span class='ocrx_word' id='word_1_142' title='bbox 791 2358 1010 2437; x_wconf 86' lang='lat' dir='ltr'>expediemus]</span> 
     </span>
    </p>

    <p class='ocr_par' dir='ltr' id='par_1_5' title="bbox 218 2448 1123 3611">
     <span class='ocr_line' id='line_1_24' title="bbox 258 2448 1107 2525; baseline -0.005 -16"><span class='ocrx_word' id='word_1_143' title='bbox 258 2452 347 2509; x_wconf 94' lang='lat' dir='ltr'>Nunc</span> <span class='ocrx_word' id='word_1_144' title='bbox 360 2451 442 2509; x_wconf 93' lang='lat' dir='ltr'>locus</span> <span class='ocrx_word' id='word_1_145' title='bbox 455 2460 509 2522; x_wconf 89' lang='lat' dir='ltr'>est,</span> <span class='ocrx_word' id='word_1_146' title='bbox 523 2460 557 2507; x_wconf 91' lang='lat' dir='ltr'>ut</span> <span class='ocrx_word' id='word_1_147' title='bbox 569 2450 683 2525; x_wconf 90' lang='lat' dir='ltr'>opinor,</span> <span class='ocrx_word' id='word_1_148' title='bbox 698 2450 730 2506; x_wconf 91' lang='lat' dir='ltr'>in</span> <span class='ocrx_word' id='word_1_149' title='bbox 744 2449 788 2506; x_wconf 92' lang='lat' dir='ltr'>his</span> <span class='ocrx_word' id='word_1_150' title='bbox 802 2448 872 2506; x_wconf 88' lang='lat' dir='ltr'>illud</span> <span class='ocrx_word' id='word_1_151' title='bbox 887 2467 1006 2524; x_wconf 92' lang='lat' dir='ltr'>quoque</span> <span class='ocrx_word' id='word_1_152' title='bbox 1021 2449 1107 2506; x_wconf 92' lang='lat' dir='ltr'>rebus</span> 
     </span>
     <span class='ocr_line' id='line_1_25' title="bbox 218 2540 1119 2615; baseline -0.004 -16"><span class='ocrx_word' id='word_1_153' title='bbox 218 2541 390 2600; x_wconf 87' lang='lat' dir='ltr'>confirmare</span> <span class='ocrx_word' id='word_1_154' title='bbox 402 2541 462 2612; x_wconf 87' lang='lat' dir='ltr'>tibi,</span> <span class='ocrx_word' id='word_1_155' title='bbox 477 2541 585 2598; x_wconf 88' lang='lat' dir='ltr'>nullam</span> <span class='ocrx_word' id='word_1_156' title='bbox 600 2559 662 2598; x_wconf 91' lang='lat' dir='ltr'>rem</span> <span class='ocrx_word' id='word_1_157' title='bbox 677 2558 764 2615; x_wconf 89' lang='lat' dir='ltr'>posse</span> <span class='ocrx_word' id='word_1_158' title='bbox 779 2556 831 2597; x_wconf 90' lang='lat' dir='ltr'>sua</span> <span class='ocrx_word' id='word_1_159' title='bbox 843 2540 872 2597; x_wconf 88' lang='lat' dir='ltr'>vi</span> <span class='ocrx_word' id='word_1_160' title='bbox 1075 2546 1119 2609; x_wconf 82' lang='lat'>185</span> 
     </span>
     <span class='ocr_line' id='line_1_26' title="bbox 218 2630 913 2706; baseline -0.003 -17"><span class='ocrx_word' id='word_1_161' title='bbox 218 2649 390 2706; x_wconf 90' lang='lat' dir='ltr'>corpoream</span> <span class='ocrx_word' id='word_1_162' title='bbox 404 2649 516 2689; x_wconf 90' lang='lat' dir='ltr'>sursum</span> <span class='ocrx_word' id='word_1_163' title='bbox 531 2630 596 2688; x_wconf 87' lang='lat' dir='ltr'>ferri</span> <span class='ocrx_word' id='word_1_164' title='bbox 610 2647 781 2705; x_wconf 89' lang='lat' dir='ltr'>sursumque</span> <span class='ocrx_word' id='word_1_165' title='bbox 795 2648 913 2703; x_wconf 82' lang='lat' dir='ltr'>meare3</span> 
     </span>
     <span class='ocr_line' id='line_1_27' title="bbox 218 2719 993 2796; baseline -0.003 -17"><span class='ocrx_word' id='word_1_166' title='bbox 218 2740 256 2779; x_wconf 92' lang='lat' dir='ltr'>ne</span> <span class='ocrx_word' id='word_1_167' title='bbox 271 2722 323 2780; x_wconf 91' lang='lat' dir='ltr'>tibi</span> <span class='ocrx_word' id='word_1_168' title='bbox 337 2720 409 2779; x_wconf 90' lang='lat' dir='ltr'>dent</span> <span class='ocrx_word' id='word_1_169' title='bbox 422 2722 451 2779; x_wconf 89' lang='lat' dir='ltr'>in</span> <span class='ocrx_word' id='word_1_170' title='bbox 466 2738 503 2779; x_wconf 91' lang='lat' dir='ltr'>eo</span> <span class='ocrx_word' id='word_1_171' title='bbox 517 2721 698 2778; x_wconf 87' lang='lat' dir='ltr'>flammarum</span> <span class='ocrx_word' id='word_1_172' title='bbox 713 2739 836 2796; x_wconf 90' lang='lat' dir='ltr'>corpora</span> <span class='ocrx_word' id='word_1_173' title='bbox 849 2719 993 2778; x_wconf 80' lang='lat' dir='ltr'>fraudem.</span> 
     </span>
     <span class='ocr_line' id='line_1_28' title="bbox 219 2812 1016 2886; baseline -0.001 -16"><span class='ocrx_word' id='word_1_174' title='bbox 219 2830 315 2870; x_wconf 89' lang='lat' dir='ltr'>sursus</span> <span class='ocrx_word' id='word_1_175' title='bbox 329 2813 408 2870; x_wconf 90' lang='lat' dir='ltr'>enim</span> <span class='ocrx_word' id='word_1_176' title='bbox 422 2829 521 2869; x_wconf 89' lang='lat' dir='ltr'>versus</span> <span class='ocrx_word' id='word_1_177' title='bbox 535 2812 690 2886; x_wconf 89' lang='lat' dir='ltr'>gignuntur</span> <span class='ocrx_word' id='word_1_178' title='bbox 705 2822 734 2869; x_wconf 94' lang='lat' dir='ltr'>et</span> <span class='ocrx_word' id='word_1_179' title='bbox 747 2812 885 2886; x_wconf 90' lang='lat' dir='ltr'>augmina</span> <span class='ocrx_word' id='word_1_180' title='bbox 897 2820 1016 2869; x_wconf 89' lang='lat' dir='ltr'>sumunt</span> 
     </span>
     <span class='ocr_line' id='line_1_29' title="bbox 219 2902 953 2976; baseline -0.003 -15"><span class='ocrx_word' id='word_1_181' title='bbox 219 2913 249 2961; x_wconf 92' lang='lat' dir='ltr'>et</span> <span class='ocrx_word' id='word_1_182' title='bbox 262 2921 374 2960; x_wconf 90' lang='lat' dir='ltr'>sursum</span> <span class='ocrx_word' id='word_1_183' title='bbox 388 2902 497 2960; x_wconf 90' lang='lat' dir='ltr'>nitidae</span> <span class='ocrx_word' id='word_1_184' title='bbox 511 2902 606 2976; x_wconf 82' lang='lat' dir='ltr'>fruges</span> <span class='ocrx_word' id='word_1_185' title='bbox 620 2903 794 2976; x_wconf 89' lang='lat' dir='ltr'>arbustaque</span> <span class='ocrx_word' id='word_1_186' title='bbox 809 2911 953 2974; x_wconf 87' lang='lat' dir='ltr'>crescunt,</span> 
     </span>
     <span class='ocr_line' id='line_1_30' title="bbox 219 2992 1122 3070; baseline -0.002 -21"><span class='ocrx_word' id='word_1_187' title='bbox 219 2992 360 3070; x_wconf 86' lang='lat' dir='ltr'>pondera,</span> <span class='ocrx_word' id='word_1_188' title='bbox 368 2992 544 3065; x_wconf 91' lang='lat' dir='ltr'>quantumin</span> <span class='ocrx_word' id='word_1_189' title='bbox 550 3010 581 3049; x_wconf 90' lang='lat' dir='ltr'>se</span> <span class='ocrx_word' id='word_1_190' title='bbox 588 3001 641 3065; x_wconf 90' lang='lat' dir='ltr'>est,</span> <span class='ocrx_word' id='word_1_191' title='bbox 649 3011 717 3049; x_wconf 91' lang='lat' dir='ltr'>cum</span> <span class='ocrx_word' id='word_1_192' title='bbox 724 2992 863 3049; x_wconf 91' lang='lat' dir='ltr'>deorsum</span> <span class='ocrx_word' id='word_1_193' title='bbox 871 3001 979 3049; x_wconf 89' lang='lat' dir='ltr'>cuncta</span> <span class='ocrx_word' id='word_1_194' title='bbox 987 2992 1122 3058; x_wconf 82' lang='lat' dir='ltr'>ferantur.</span> 
     </span>
     <span class='ocr_line' id='line_1_31' title="bbox 219 3081 1120 3156; baseline -0.006 -16"><span class='ocrx_word' id='word_1_195' title='bbox 219 3101 276 3140; x_wconf 91' lang='lat' dir='ltr'>nec</span> <span class='ocrx_word' id='word_1_196' title='bbox 290 3101 359 3139; x_wconf 92' lang='lat' dir='ltr'>cum</span> <span class='ocrx_word' id='word_1_197' title='bbox 374 3082 525 3140; x_wconf 92' lang='lat' dir='ltr'>subsiliunt</span> <span class='ocrx_word' id='word_1_198' title='bbox 538 3082 619 3156; x_wconf 90' lang='lat' dir='ltr'>ignes</span> <span class='ocrx_word' id='word_1_199' title='bbox 633 3081 672 3139; x_wconf 92' lang='lat' dir='ltr'>ad</span> <span class='ocrx_word' id='word_1_200' title='bbox 686 3091 764 3139; x_wconf 87' lang='lat' dir='ltr'>tecta</span> <span class='ocrx_word' id='word_1_201' title='bbox 778 3081 934 3139; x_wconf 89' lang='lat' dir='ltr'>domorum</span> <span class='ocrx_word' id='word_1_202' title='bbox 1077 3101 1120 3153; x_wconf 88' lang='lat'>¹91</span> 
     </span>
     <span class='ocr_line' id='line_1_32' title="bbox 221 3173 921 3249; baseline -0.001 -17"><span class='ocrx_word' id='word_1_203' title='bbox 221 3186 250 3233; x_wconf 90' lang='lat' dir='ltr'>et</span> <span class='ocrx_word' id='word_1_204' title='bbox 264 3175 351 3233; x_wconf 87' lang='lat' dir='ltr'>celeri</span> <span class='ocrx_word' id='word_1_205' title='bbox 365 3175 481 3232; x_wconf 88' lang='lat' dir='ltr'>flamma</span> <span class='ocrx_word' id='word_1_206' title='bbox 495 3173 650 3249; x_wconf 86' lang='lat' dir='ltr'>degustant</span> <span class='ocrx_word' id='word_1_207' title='bbox 664 3175 745 3249; x_wconf 91' lang='lat' dir='ltr'>tigna</span> <span class='ocrx_word' id='word_1_208' title='bbox 758 3175 921 3248; x_wconf 89' lang='lat' dir='ltr'>trabesque,</span> 
     </span>
     <span class='ocr_line' id='line_1_33' title="bbox 221 3262 1076 3341; baseline -0.004 -18"><span class='ocrx_word' id='word_1_209' title='bbox 221 3275 326 3341; x_wconf 90' lang='lat' dir='ltr'>sponte</span> <span class='ocrx_word' id='word_1_210' title='bbox 340 3284 393 3323; x_wconf 88' lang='lat' dir='ltr'>sua</span> <span class='ocrx_word' id='word_1_211' title='bbox 406 3266 501 3323; x_wconf 87' lang='lat' dir='ltr'>facere</span> <span class='ocrx_word' id='word_1_212' title='bbox 515 3265 546 3322; x_wconf 90' lang='lat' dir='ltr'>id</span> <span class='ocrx_word' id='word_1_213' title='bbox 560 3266 622 3323; x_wconf 92' lang='lat' dir='ltr'>sine</span> <span class='ocrx_word' id='word_1_214' title='bbox 635 3265 665 3323; x_wconf 92' lang='lat' dir='ltr'>vi</span> <span class='ocrx_word' id='word_1_215' title='bbox 679 3265 831 3339; x_wconf 90' lang='lat' dir='ltr'>subigente</span> <span class='ocrx_word' id='word_1_216' title='bbox 845 3262 1008 3339; x_wconf 91' lang='lat' dir='ltr'>putandum</span> <span class='ocrx_word' id='word_1_217' title='bbox 1024 3273 1076 3321; x_wconf 89' lang='lat' dir='ltr'>est.</span> 
     </span>
     <span class='ocr_line' id='line_1_34' title="bbox 221 3354 1045 3432; baseline -0.004 -18"><span class='ocrx_word' id='word_1_218' title='bbox 221 3356 302 3432; x_wconf 91' lang='lat' dir='ltr'>quod</span> <span class='ocrx_word' id='word_1_219' title='bbox 317 3373 410 3431; x_wconf 90' lang='lat' dir='ltr'>genus</span> <span class='ocrx_word' id='word_1_220' title='bbox 424 3374 440 3413; x_wconf 90' lang='lat' dir='ltr'>e</span> <span class='ocrx_word' id='word_1_221' title='bbox 455 3366 554 3413; x_wconf 91' lang='lat' dir='ltr'>nostro</span> <span class='ocrx_word' id='word_1_222' title='bbox 568 3373 659 3430; x_wconf 91' lang='lat' dir='ltr'>quom</span> <span class='ocrx_word' id='word_1_223' title='bbox 673 3356 778 3413; x_wconf 90' lang='lat' dir='ltr'>missus</span> <span class='ocrx_word' id='word_1_224' title='bbox 792 3372 915 3428; x_wconf 88' lang='lat' dir='ltr'>corpore</span> <span class='ocrx_word' id='word_1_225' title='bbox 930 3354 1045 3429; x_wconf 89' lang='lat' dir='ltr'>sanguis</span> 
     </span>
     <span class='ocr_line' id='line_1_35' title="bbox 221 3445 1123 3521; baseline -0.006 -16"><span class='ocrx_word' id='word_1_226' title='bbox 221 3447 329 3506; x_wconf 89' lang='lat' dir='ltr'>emicat</span> <span class='ocrx_word' id='word_1_227' title='bbox 343 3445 473 3504; x_wconf 87' lang='lat' dir='ltr'>exultans</span> <span class='ocrx_word' id='word_1_228' title='bbox 487 3445 543 3503; x_wconf 90' lang='lat' dir='ltr'>alte</span> <span class='ocrx_word' id='word_1_229' title='bbox 557 3446 723 3521; x_wconf 88' lang='lat' dir='ltr'>spargitque</span> <span class='ocrx_word' id='word_1_230' title='bbox 738 3463 880 3503; x_wconf 88' lang='lat' dir='ltr'>cruorem.</span> <span class='ocrx_word' id='word_1_231' title='bbox 1078 3460 1123 3515; x_wconf 82' lang='lat'>¹95</span> 
     </span>
     <span class='ocr_line' id='line_1_36' title="bbox 221 3535 946 3611; baseline -0.008 -14"><span class='ocrx_word' id='word_1_232' title='bbox 221 3556 321 3597; x_wconf 88' lang='lat' dir='ltr'>nonne</span> <span class='ocrx_word' id='word_1_233' title='bbox 336 3537 418 3595; x_wconf 92' lang='lat' dir='ltr'>vides</span> <span class='ocrx_word' id='word_1_234' title='bbox 433 3536 519 3594; x_wconf 85' lang='lat' dir='ltr'>etiam</span> <span class='ocrx_word' id='word_1_235' title='bbox 534 3545 643 3610; x_wconf 89' lang='lat' dir='ltr'>quanta</span> <span class='ocrx_word' id='word_1_236' title='bbox 656 3537 684 3594; x_wconf 92' lang='lat' dir='ltr'>vi</span> <span class='ocrx_word' id='word_1_237' title='bbox 697 3536 777 3611; x_wconf 86' lang='lat' dir='ltr'>tigna</span> <span class='ocrx_word' id='word_1_238' title='bbox 791 3535 946 3610; x_wconf 88' lang='lat' dir='ltr'>trabesque</span> 
     </span>
    </p>
   </div>
   <div class='ocr_carea' id='block_1_3' title="bbox 0 0 1409 4025">
    <p class='ocr_par' dir='ltr' id='par_1_6' title="bbox 0 0 1409 4025">
     <span class='ocr_line' id='line_1_37' title="bbox 0 0 1409 4025; baseline 0 0"><span class='ocrx_word' id='word_1_239' title='bbox 0 0 1409 4025; x_wconf 95' lang='lat' dir='ltr'> </span> 
     </span>
    </p>
   </div>
  </div>
 </body>
</html>
