2792 4025
214 285 282 357 iv.]
452 285 507 338 ue
533 285 679 340 RERUM
707 286 879 341 NATURA
1057 296 1110 341 tot

212 445 340 504 versibus
355 444 385 503 in
399 445 502 502 nostris
516 463 644 521 possem,
659 445 732 504 dum
746 449 871 524 percipis
887 467 1007 508 omnem

210 546 342 594 naturam
357 554 452 593 rerum
467 554 502 592 ac
516 537 656 610 persentis
671 538 850 617 utilitatem]
1085 561 1112 614 ²⁵

251 628 347 701 Atque
362 626 451 683 animi
466 627 605 701 quoniam
620 625 711 685 docui
724 638 827 686 natura
840 629 912 705 quid
927 642 1003 690 esset

212 726 241 775 et
255 717 360 791 quibus
375 734 391 774 e
406 717 491 774 rebus
506 735 574 773 cum
590 735 714 792 corpore
728 730 850 793 compta
863 721 973 796 vigeret

211 825 307 883 quove
322 806 414 864 modo
428 806 565 864 distracta
578 807 686 865 rediret
698 808 730 865 in
743 808 826 867 ordia
840 812 942 885 prima,

210 915 289 955 nunc
304 915 389 972 agere
404 897 541 971 incipiam
555 897 616 968 tibi,
631 897 714 972 quod
727 910 878 958 vementer
891 901 929 958 ad
943 903 995 959 has
1009 920 1055 961 res

211 987 322 1058 attinet,
338 1005 401 1044 esse
416 1005 453 1044 ea
466 1005 540 1061 quae
555 1006 652 1045 rerum
666 988 818 1046 simulacra
831 1009 988 1064 vocamus3
1082 1012 1114 1064 30

211 1095 295 1152 quae,
311 1078 394 1153 quasi
408 1078 594 1135 membranae
608 1095 725 1136 summo
740 1077 778 1137 de
793 1097 917 1155 corpore
931 1100 1027 1139 rerum

211 1167 359 1243 dereptae,
374 1169 495 1226 volitant
509 1168 643 1243 ultroque
657 1169 789 1243 citroque
804 1188 857 1244 per
870 1190 962 1244 auras,

210 1269 298 1335 atque
313 1257 419 1316 eadem
433 1258 518 1316 nobis
531 1259 715 1333 vigilantibus
729 1259 815 1317 obvia
828 1271 941 1319 mentes

210 1349 367 1407 terrificant
381 1359 469 1424 atque
484 1350 514 1406 in
528 1351 647 1421 somnis,
663 1368 732 1407 cum
746 1368 834 1425 saepe
849 1352 955 1426 figuras

210 1441 376 1498 contuimur
389 1439 475 1497 miras
490 1440 699 1514 simulacraque
714 1441 779 1498 luce
795 1451 954 1513 carentum,
1002 1494 1006 1503 ,
1082 1461 1111 1512 35

211 1548 286 1605 quae
301 1549 355 1589 nos
370 1530 502 1587 horrifice
516 1531 678 1604 languentis
692 1549 782 1605 saepe
795 1549 901 1606 sopore

210 1620 369 1693 excierunt,
384 1639 422 1678 ne
436 1621 509 1678 forte
524 1621 636 1679 animas
650 1621 817 1679 Acherunte
832 1641 947 1681 reamur
988 1648 991 1652 ⁴

210 1712 337 1787 effugere
351 1721 401 1769 aut
416 1713 533 1769 umbras
547 1712 621 1769 inter
634 1711 716 1770 vivos
729 1713 848 1770 volitare

209 1820 284 1860 neve
298 1802 408 1877 aliquid
422 1803 511 1860 nostri
526 1811 593 1877 post
606 1812 732 1860 mortem
746 1820 833 1877 posse
847 1802 980 1878 relinqui,

210 1911 278 1950 cum
293 1911 399 1967 corpus
414 1893 601 1966 simulatque
616 1893 706 1949 animi
720 1903 823 1950 natura
836 1904 990 1969 perempta
1081 1915 1113 1962 4ο

211 1983 241 2042 in
255 2002 307 2042 sua
321 1983 481 2041 discessum
496 1981 630 2041 dederint
644 1982 804 2057 primordia
818 2002 961 2061 quaeque.

252 2075 330 2133 Dico
344 2075 429 2148 igitur
441 2092 537 2131 rerum
552 2073 660 2147 effigias
674 2075 827 2149 tenuisque
843 2075 947 2149 figuras

210 2165 318 2223 mittier
331 2165 368 2222 ab
381 2165 467 2222 rebus
482 2182 597 2221 summo
611 2163 649 2221 de
664 2182 787 2238 corpore
800 2182 906 2236 rerum,

210 2255 281 2331 quoi
296 2255 377 2330 quasi
392 2255 587 2325 membranae,
601 2253 648 2311 vel
662 2264 764 2311 cortex
776 2254 1014 2325 nominitandast,
1081 2275 1112 2329 50

210 2345 292 2422 quod
306 2345 436 2421 speeiem
452 2362 486 2401 ac
501 2346 624 2401 sormam
637 2344 760 2401 similem
775 2345 847 2419 gerit
861 2346 923 2402 eius
937 2346 1034 2421 imago

210 2438 420 2511 cuiuscumque
435 2435 512 2493 cluet
526 2434 565 2491 de
580 2452 703 2508 corpore
718 2435 781 2492 fusa
793 2435 898 2509 vagari.

209 2528 240 2587 id
254 2528 322 2586 licet
336 2528 405 2585 hinc
419 2526 552 2601 quamvis
566 2525 663 2584 hebeti
679 2543 858 2599 cognoscere
872 2525 971 2586 corde.

209 2620 353 2695 principio
368 2617 506 2692 quoniam
521 2616 639 2673 mittunt
653 2616 683 2673 in
697 2616 784 2673 rebus
798 2617 904 2691 apertis

209 2728 333 2785 corpora
346 2728 392 2767 res
405 2708 523 2777 multae,
538 2707 642 2781 partim
658 2705 762 2764 diffusa
776 2707 878 2778 solute,
1081 2726 1111 2779 55

209 2801 314 2859 robora
328 2818 383 2857 ceu
397 2800 510 2856 sumum
524 2796 642 2855 mittunt
655 2796 797 2871 ignesque
811 2814 960 2871 vaporem,

210 2900 240 2949 et
253 2891 356 2966 partim
371 2898 509 2948 contexta
522 2888 614 2964 magis
628 2885 848 2961 condensaque,
863 2896 896 2945 ut
909 2888 981 2946 olim

209 2999 277 3038 cum
292 2982 389 3038 teretis
404 2989 517 3055 ponunt
530 2980 643 3037 tunicas
658 2986 768 3036 aestate
783 2976 912 3048 cicadae,

209 3081 240 3129 et
252 3072 332 3130 vituli
347 3090 415 3129 cum
428 3070 612 3128 membranas
627 3068 665 3127 de
680 3086 804 3144 corpore
818 3085 934 3127 summo

209 3172 363 3221 nascentes
376 3162 502 3232 mittunt,
518 3161 631 3218 etitem
645 3178 715 3218 cum
730 3159 840 3218 lubrica
853 3176 972 3234 serpens
1080 3165 1114 3215 60

210 3253 290 3310 exuit
302 3253 332 3310 in
346 3252 436 3328 spinis
448 3261 558 3310 vestem
570 3272 579 3324 3
600 3269 669 3308 nam
684 3268 772 3327 saepe
786 3248 920 3308 videmus

209 3343 322 3401 illorum
337 3342 435 3417 spoliis
449 3359 551 3416 vepres
564 3341 750 3399 volitantibus
763 3350 880 3398 auctas:

210 3450 286 3507 quae
300 3433 438 3507 quoniam
452 3433 534 3503 fiunt,
549 3431 644 3489 tenuis
659 3448 778 3505 quoque
792 3429 882 3488 debet
896 3430 993 3505 imago

210 3522 248 3582 ab
261 3523 347 3582 rebus
360 3524 434 3581 mitti
448 3540 563 3581 summo
577 3521 616 3579 de
629 3539 753 3597 corpore
767 3539 872 3580 rerum.
