<?xml version="1.0" encoding="UTF-8"?>
<!DOCTYPE html PUBLIC "-//W3C//DTD XHTML 1.0 Transitional//EN"
    "http://www.w3.org/TR/xhtml1/DTD/xhtml1-transitional.dtd">
<html xmlns="http://www.w3.org/1999/xhtml" xml:lang="en" lang="en">
 <head>
  <title>
</title>
<meta http-equiv="Content-Type" content="text/html;charset=utf-8" />
  <meta name='ocr-system' content='tesseract 3.04.00' />
  <meta name='ocr-capabilities' content='ocr_page ocr_carea ocr_par ocr_line ocrx_word'/>
</head>
<body>
  <div class='ocr_page' id='page_1' title='image "./tlucreticarider01kelsgoog_0201.png"; bbox 0 0 2792 4025; ppageno 0'>
   <div class='ocr_carea' id='block_1_1' title="bbox 478 841 859 906">
    <p class='ocr_par' dir='ltr' id='par_1_1' title="bbox 478 841 859 906">
     <span class='ocr_line' id='line_1_1' title="bbox 478 841 859 906; baseline 0.01 -6"><span class='ocrx_word' id='word_1_1' title='bbox 478 841 513 901; x_wconf 86' lang='grc' dir='ltr'>Τ.</span> <span class='ocrx_word' id='word_1_2' title='bbox 536 842 727 904; x_wconf 79' lang='lat' dir='ltr'>LUCRETI</span> <span class='ocrx_word' id='word_1_3' title='bbox 755 844 859 906; x_wconf 79' lang='lat' dir='ltr'>CARI</span> 
     </span>
    </p>
   </div>
   <div class='ocr_carea' id='block_1_2' title="bbox 363 1042 977 1123">
    <p class='ocr_par' dir='ltr' id='par_1_2' title="bbox 363 1042 977 1123">
     <span class='ocr_line' id='line_1_2' title="bbox 363 1042 977 1123; baseline 0.008 -5"><span class='ocrx_word' id='word_1_4' title='bbox 363 1042 441 1118; x_wconf 85' lang='lat' dir='ltr'>DE</span> <span class='ocrx_word' id='word_1_5' title='bbox 483 1043 691 1121; x_wconf 84' lang='lat' dir='ltr'>RERUM</span> <span class='ocrx_word' id='word_1_6' title='bbox 731 1045 977 1123; x_wconf 85' lang='lat' dir='ltr'><strong>NATURA</strong></span> 
     </span>
    </p>
   </div>
   <div class='ocr_carea' id='block_1_3' title="bbox 502 1267 844 1337">
    <p class='ocr_par' dir='ltr' id='par_1_3' title="bbox 502 1267 844 1337">
     <span class='ocr_line' id='line_1_3' title="bbox 502 1267 844 1337; baseline 0 -16"><span class='ocrx_word' id='word_1_7' title='bbox 502 1267 625 1321; x_wconf 74' lang='lat' dir='ltr'>uranu</span> <span class='ocrx_word' id='word_1_8' title='bbox 649 1268 844 1337; x_wconf 57' lang='lat' dir='ltr'>punimus,</span> 
     </span>
    </p>
   </div>
   <div class='ocr_carea' id='block_1_4' title="bbox 628 1426 730 1460">
    <p class='ocr_par' dir='ltr' id='par_1_4' title="bbox 628 1426 730 1460">
     <span class='ocr_line' id='line_1_4' title="bbox 628 1426 730 1460; baseline 0 -11"><span class='ocrx_word' id='word_1_9' title='bbox 628 1426 730 1460; x_wconf 64' lang='lat'>-0-</span> 
     </span>
    </p>
   </div>
   <div class='ocr_carea' id='block_1_5' title="bbox 203 1554 1123 3620">
    <p class='ocr_par' dir='ltr' id='par_1_5' title="bbox 215 1554 978 1904">
     <span class='ocr_line' id='line_1_5' title="bbox 217 1554 978 1633; baseline 0.011 -20"><span class='ocrx_word' id='word_1_10' title='bbox 217 1555 291 1630; x_wconf 85' lang='lat' dir='ltr'>Quis</span> <span class='ocrx_word' id='word_1_11' title='bbox 304 1555 381 1630; x_wconf 92' lang='lat' dir='ltr'>potis</span> <span class='ocrx_word' id='word_1_12' title='bbox 396 1564 441 1614; x_wconf 85' lang='lat' dir='ltr'>est</span> <span class='ocrx_word' id='word_1_13' title='bbox 454 1554 576 1631; x_wconf 87' lang='lat' dir='ltr'>dignum</span> <span class='ocrx_word' id='word_1_14' title='bbox 590 1557 711 1633; x_wconf 87' lang='lat' dir='ltr'>pollenti</span> <span class='ocrx_word' id='word_1_15' title='bbox 725 1568 846 1633; x_wconf 86' lang='lat' dir='ltr'>pectore</span> <span class='ocrx_word' id='word_1_16' title='bbox 860 1578 978 1622; x_wconf 88' lang='lat' dir='ltr'>carmen</span> 
     </span>
     <span class='ocr_line' id='line_1_6' title="bbox 216 1646 964 1725; baseline 0.008 -21"><span class='ocrx_word' id='word_1_17' title='bbox 216 1646 345 1705; x_wconf 89' lang='lat' dir='ltr'>condere</span> <span class='ocrx_word' id='word_1_18' title='bbox 359 1665 413 1722; x_wconf 92' lang='lat' dir='ltr'>pro</span> <span class='ocrx_word' id='word_1_19' title='bbox 427 1666 524 1706; x_wconf 91' lang='lat' dir='ltr'>rerum</span> <span class='ocrx_word' id='word_1_20' title='bbox 538 1649 689 1707; x_wconf 91' lang='lat' dir='ltr'>maiestate</span> <span class='ocrx_word' id='word_1_21' title='bbox 705 1649 808 1725; x_wconf 86' lang='lat' dir='ltr'>hisque</span> <span class='ocrx_word' id='word_1_22' title='bbox 822 1652 964 1725; x_wconf 85' lang='lat' dir='ltr'>repertis?</span> 
     </span>
     <span class='ocr_line' id='line_1_7' title="bbox 216 1737 947 1816; baseline 0.008 -22"><span class='ocrx_word' id='word_1_23' title='bbox 216 1737 316 1812; x_wconf 87' lang='lat' dir='ltr'>quisve</span> <span class='ocrx_word' id='word_1_24' title='bbox 332 1737 407 1794; x_wconf 86' lang='lat' dir='ltr'>valet</span> <span class='ocrx_word' id='word_1_25' title='bbox 420 1739 514 1797; x_wconf 91' lang='lat' dir='ltr'>verbis</span> <span class='ocrx_word' id='word_1_26' title='bbox 529 1748 641 1797; x_wconf 89' lang='lat' dir='ltr'>tantum</span> <span class='ocrx_word' id='word_1_27' title='bbox 656 1739 707 1815; x_wconf 91' lang='lat' dir='ltr'>qui</span> <span class='ocrx_word' id='word_1_28' title='bbox 721 1740 830 1816; x_wconf 85' lang='lat' dir='ltr'>fingere</span> <span class='ocrx_word' id='word_1_29' title='bbox 846 1740 947 1801; x_wconf 89' lang='lat' dir='ltr'>laudes</span> 
     </span>
     <span class='ocr_line' id='line_1_8' title="bbox 215 1828 819 1904; baseline 0.005 -19"><span class='ocrx_word' id='word_1_30' title='bbox 215 1846 270 1903; x_wconf 91' lang='lat' dir='ltr'>pro</span> <span class='ocrx_word' id='word_1_31' title='bbox 285 1828 393 1885; x_wconf 85' lang='lat' dir='ltr'>meritis</span> <span class='ocrx_word' id='word_1_32' title='bbox 407 1828 469 1885; x_wconf 88' lang='lat' dir='ltr'>eius</span> <span class='ocrx_word' id='word_1_33' title='bbox 483 1829 575 1902; x_wconf 89' lang='lat' dir='ltr'><strong>possit</strong></span> <span class='ocrx_word' id='word_1_34' title='bbox 589 1830 639 1904; x_wconf 93' lang='lat' dir='ltr'>qui</span> <span class='ocrx_word' id='word_1_35' title='bbox 654 1830 721 1888; x_wconf 84' lang='lat' dir='ltr'>talia</span> <span class='ocrx_word' id='word_1_36' title='bbox 735 1831 819 1888; x_wconf 88' lang='lat' dir='ltr'>nobis</span> 
     </span>
    </p>

    <p class='ocr_par' dir='ltr' id='par_1_6' title="bbox 215 1920 1123 2897">
     <span class='ocr_line' id='line_1_9' title="bbox 215 1920 965 1996; baseline 0.008 -22"><span class='ocrx_word' id='word_1_37' title='bbox 215 1927 336 1994; x_wconf 87' lang='lat' dir='ltr'><strong>pectore</strong></span> <span class='ocrx_word' id='word_1_38' title='bbox 350 1926 433 1993; x_wconf 88' lang='lat' dir='ltr'>parta</span> <span class='ocrx_word' id='word_1_39' title='bbox 446 1936 500 1976; x_wconf 89' lang='lat' dir='ltr'>suo</span> <span class='ocrx_word' id='word_1_40' title='bbox 514 1920 703 1994; x_wconf 86' lang='lat' dir='ltr'>quaesitaque</span> <span class='ocrx_word' id='word_1_41' title='bbox 718 1921 848 1995; x_wconf 87' lang='lat' dir='ltr'>praemia</span> <span class='ocrx_word' id='word_1_42' title='bbox 861 1922 965 1996; x_wconf 84' lang='lat' dir='ltr'>liquit?</span> 
     </span>
     <span class='ocr_line' id='line_1_10' title="bbox 215 2009 943 2086; baseline 0.005 -19"><span class='ocrx_word' id='word_1_43' title='bbox 215 2027 314 2081; x_wconf 83' lang='lat' dir='ltr'>nemu,</span> <span class='ocrx_word' id='word_1_44' title='bbox 329 2019 362 2067; x_wconf 92' lang='lat' dir='ltr'>ut</span> <span class='ocrx_word' id='word_1_45' title='bbox 376 2009 490 2084; x_wconf 86' lang='lat' dir='ltr'>opinor,</span> <span class='ocrx_word' id='word_1_46' title='bbox 505 2010 558 2068; x_wconf 89' lang='lat' dir='ltr'>erit</span> <span class='ocrx_word' id='word_1_47' title='bbox 572 2010 684 2068; x_wconf 82' lang='lat' dir='ltr'>mortali</span> <span class='ocrx_word' id='word_1_48' title='bbox 700 2030 823 2086; x_wconf 81' lang='lat' dir='ltr'>corpore</span> <span class='ocrx_word' id='word_1_49' title='bbox 838 2023 943 2072; x_wconf 88' lang='lat' dir='ltr'>cretus.</span> 
     </span>
     <span class='ocr_line' id='line_1_11' title="bbox 215 2101 942 2176; baseline 0.006 -18"><span class='ocrx_word' id='word_1_50' title='bbox 215 2118 285 2158; x_wconf 89' lang='lat' dir='ltr'>nam</span> <span class='ocrx_word' id='word_1_51' title='bbox 299 2101 332 2172; x_wconf 91' lang='lat' dir='ltr'>si,</span> <span class='ocrx_word' id='word_1_52' title='bbox 347 2110 379 2158; x_wconf 90' lang='lat' dir='ltr'>ut</span> <span class='ocrx_word' id='word_1_53' title='bbox 393 2101 456 2175; x_wconf 87' lang='lat' dir='ltr'>ipsa</span> <span class='ocrx_word' id='word_1_54' title='bbox 469 2101 542 2174; x_wconf 86' lang='lat' dir='ltr'>petit</span> <span class='ocrx_word' id='word_1_55' title='bbox 556 2102 690 2158; x_wconf 86' lang='lat' dir='ltr'>maiestas</span> <span class='ocrx_word' id='word_1_56' title='bbox 705 2103 823 2176; x_wconf 83' lang='lat' dir='ltr'>cognita</span> <span class='ocrx_word' id='word_1_57' title='bbox 836 2121 942 2174; x_wconf 88' lang='lat' dir='ltr'>rerum,</span> 
     </span>
     <span class='ocr_line' id='line_1_12' title="bbox 216 2188 1039 2267; baseline 0.007 -20"><span class='ocrx_word' id='word_1_58' title='bbox 216 2188 377 2248; x_wconf 89' lang='lat' dir='ltr'>dicendum</span> <span class='ocrx_word' id='word_1_59' title='bbox 392 2200 444 2261; x_wconf 91' lang='lat' dir='ltr'>est,</span> <span class='ocrx_word' id='word_1_60' title='bbox 460 2190 533 2248; x_wconf 91' lang='lat' dir='ltr'>deus</span> <span class='ocrx_word' id='word_1_61' title='bbox 547 2191 593 2248; x_wconf 92' lang='lat' dir='ltr'>ille</span> <span class='ocrx_word' id='word_1_62' title='bbox 608 2191 670 2261; x_wconf 82' lang='lat' dir='ltr'>snit,</span> <span class='ocrx_word' id='word_1_63' title='bbox 685 2191 769 2263; x_wconf 91' lang='lat' dir='ltr'>deus,</span> <span class='ocrx_word' id='word_1_64' title='bbox 784 2193 890 2267; x_wconf 90' lang='lat' dir='ltr'>inclyte</span> <span class='ocrx_word' id='word_1_65' title='bbox 906 2194 1039 2266; x_wconf 88' lang='lat' dir='ltr'>Memmi,</span> 
     </span>
     <span class='ocr_line' id='line_1_13' title="bbox 216 2280 959 2358; baseline 0.007 -21"><span class='ocrx_word' id='word_1_66' title='bbox 216 2280 266 2354; x_wconf 90' lang='lat' dir='ltr'>qui</span> <span class='ocrx_word' id='word_1_67' title='bbox 281 2281 417 2356; x_wconf 87' lang='lat' dir='ltr'>princeps</span> <span class='ocrx_word' id='word_1_68' title='bbox 431 2282 506 2339; x_wconf 88' lang='lat' dir='ltr'>vitae</span> <span class='ocrx_word' id='word_1_69' title='bbox 520 2282 663 2340; x_wconf 88' lang='lat' dir='ltr'>rationem</span> <span class='ocrx_word' id='word_1_70' title='bbox 677 2283 788 2340; x_wconf 91' lang='lat' dir='ltr'>invenit</span> <span class='ocrx_word' id='word_1_71' title='bbox 803 2301 868 2340; x_wconf 86' lang='lat' dir='ltr'>eam</span> <span class='ocrx_word' id='word_1_72' title='bbox 883 2301 959 2358; x_wconf 90' lang='lat' dir='ltr'>quae</span> 
     </span>
     <span class='ocr_line' id='line_1_14' title="bbox 215 2371 1123 2449; baseline 0.006 -21"><span class='ocrx_word' id='word_1_73' title='bbox 215 2389 295 2428; x_wconf 90' lang='lat' dir='ltr'>nunc</span> <span class='ocrx_word' id='word_1_74' title='bbox 309 2371 469 2446; x_wconf 89' lang='lat' dir='ltr'>appellatur</span> <span class='ocrx_word' id='word_1_75' title='bbox 483 2372 633 2446; x_wconf 85' lang='lat' dir='ltr'>sapientia,</span> <span class='ocrx_word' id='word_1_76' title='bbox 648 2373 757 2449; x_wconf 90' lang='lat' dir='ltr'>quique</span> <span class='ocrx_word' id='word_1_77' title='bbox 771 2390 825 2448; x_wconf 87' lang='lat' dir='ltr'>per</span> <span class='ocrx_word' id='word_1_78' title='bbox 838 2383 930 2431; x_wconf 91' lang='lat' dir='ltr'>artem</span> <span class='ocrx_word' id='word_1_79' title='bbox 1092 2395 1123 2433; x_wconf 88' lang='lat' dir='ltr'>ro</span> 
     </span>
     <span class='ocr_line' id='line_1_15' title="bbox 217 2461 964 2538; baseline 0.004 -20"><span class='ocrx_word' id='word_1_80' title='bbox 217 2461 352 2520; x_wconf 89' lang='lat' dir='ltr'>fluctibus</span> <span class='ocrx_word' id='word_1_81' title='bbox 366 2479 383 2519; x_wconf 87' lang='lat' dir='ltr'>e</span> <span class='ocrx_word' id='word_1_82' title='bbox 397 2461 483 2519; x_wconf 89' lang='lat' dir='ltr'>tantis</span> <span class='ocrx_word' id='word_1_83' title='bbox 497 2462 586 2520; x_wconf 87' lang='lat' dir='ltr'>vitam</span> <span class='ocrx_word' id='word_1_84' title='bbox 601 2463 747 2538; x_wconf 88' lang='lat' dir='ltr'>tantisque</span> <span class='ocrx_word' id='word_1_85' title='bbox 762 2463 889 2521; x_wconf 91' lang='lat' dir='ltr'>tenebris</span> <span class='ocrx_word' id='word_1_86' title='bbox 962 2469 964 2472; x_wconf 82' lang='lat'>&#39;</span> 
     </span>
     <span class='ocr_line' id='line_1_16' title="bbox 216 2551 907 2627; baseline 0.004 -19"><span class='ocrx_word' id='word_1_87' title='bbox 216 2551 246 2609; x_wconf 89' lang='lat' dir='ltr'>in</span> <span class='ocrx_word' id='word_1_88' title='bbox 261 2562 322 2609; x_wconf 90' lang='lat' dir='ltr'>tam</span> <span class='ocrx_word' id='word_1_89' title='bbox 335 2552 489 2627; x_wconf 89' lang='lat' dir='ltr'>tranquillo</span> <span class='ocrx_word' id='word_1_90' title='bbox 504 2562 607 2611; x_wconf 88' lang='lat' dir='ltr'>ettam</span> <span class='ocrx_word' id='word_1_91' title='bbox 622 2553 697 2610; x_wconf 89' lang='lat' dir='ltr'>clara</span> <span class='ocrx_word' id='word_1_92' title='bbox 711 2553 777 2611; x_wconf 86' lang='lat' dir='ltr'>luce</span> <span class='ocrx_word' id='word_1_93' title='bbox 792 2553 907 2612; x_wconf 88' lang='lat' dir='ltr'>locavit.</span> 
     </span>
     <span class='ocr_line' id='line_1_17' title="bbox 217 2641 928 2719; baseline 0.003 -21"><span class='ocrx_word' id='word_1_94' title='bbox 217 2642 319 2699; x_wconf 84' lang='lat' dir='ltr'>confer</span> <span class='ocrx_word' id='word_1_95' title='bbox 332 2643 411 2699; x_wconf 91' lang='lat' dir='ltr'>enim</span> <span class='ocrx_word' id='word_1_96' title='bbox 425 2641 524 2700; x_wconf 91' lang='lat' dir='ltr'>divina</span> <span class='ocrx_word' id='word_1_97' title='bbox 537 2642 658 2701; x_wconf 88' lang='lat' dir='ltr'>aliorum</span> <span class='ocrx_word' id='word_1_98' title='bbox 673 2643 793 2719; x_wconf 87' lang='lat' dir='ltr'>antiqua</span> <span class='ocrx_word' id='word_1_99' title='bbox 806 2653 928 2718; x_wconf 89' lang='lat' dir='ltr'>reperta.</span> 
     </span>
     <span class='ocr_line' id='line_1_18' title="bbox 217 2732 953 2809; baseline 0.008 -21"><span class='ocrx_word' id='word_1_100' title='bbox 217 2749 344 2806; x_wconf 89' lang='lat' dir='ltr'>namque</span> <span class='ocrx_word' id='word_1_101' title='bbox 359 2732 449 2790; x_wconf 91' lang='lat' dir='ltr'>Ceres</span> <span class='ocrx_word' id='word_1_102' title='bbox 463 2733 551 2790; x_wconf 82' lang='lat' dir='ltr'>fertur</span> <span class='ocrx_word' id='word_1_103' title='bbox 564 2733 660 2807; x_wconf 86' lang='lat' dir='ltr'>fruges</span> <span class='ocrx_word' id='word_1_104' title='bbox 675 2733 819 2809; x_wconf 89' lang='lat' dir='ltr'>Liberque</span> <span class='ocrx_word' id='word_1_105' title='bbox 833 2733 953 2808; x_wconf 88' lang='lat' dir='ltr'>liquoris</span> 
     </span>
     <span class='ocr_line' id='line_1_19' title="bbox 216 2821 836 2897; baseline 0.008 -19"><span class='ocrx_word' id='word_1_106' title='bbox 216 2822 334 2897; x_wconf 86' lang='lat' dir='ltr'>vitigeni</span> <span class='ocrx_word' id='word_1_107' title='bbox 348 2821 464 2880; x_wconf 89' lang='lat' dir='ltr'>laticem</span> <span class='ocrx_word' id='word_1_108' title='bbox 479 2823 646 2882; x_wconf 88' lang='lat' dir='ltr'>mortalibus</span> <span class='ocrx_word' id='word_1_109' title='bbox 660 2824 836 2896; x_wconf 87' lang='lat' dir='ltr'>instituisse;</span> 
     </span>
    </p>

    <p class='ocr_par' dir='ltr' id='par_1_7' title="bbox 203 2913 962 3620">
     <span class='ocr_line' id='line_1_20' title="bbox 216 2913 962 2988; baseline 0.005 -19"><span class='ocrx_word' id='word_1_110' title='bbox 216 2929 285 2969; x_wconf 87' lang='lat' dir='ltr'>cum</span> <span class='ocrx_word' id='word_1_111' title='bbox 299 2923 398 2970; x_wconf 86' lang='lat' dir='ltr'>tamen</span> <span class='ocrx_word' id='word_1_112' title='bbox 412 2913 457 2971; x_wconf 90' lang='lat' dir='ltr'>his</span> <span class='ocrx_word' id='word_1_113' title='bbox 471 2923 571 2988; x_wconf 85' lang='lat' dir='ltr'>posset</span> <span class='ocrx_word' id='word_1_114' title='bbox 585 2914 647 2971; x_wconf 91' lang='lat' dir='ltr'>sine</span> <span class='ocrx_word' id='word_1_115' title='bbox 661 2915 748 2972; x_wconf 85' lang='lat' dir='ltr'>rebus</span> <span class='ocrx_word' id='word_1_116' title='bbox 762 2915 821 2972; x_wconf 88' lang='lat' dir='ltr'>vita</span> <span class='ocrx_word' id='word_1_117' title='bbox 834 2933 962 2987; x_wconf 90' lang='lat' dir='ltr'>manere,</span> 
     </span>
     <span class='ocr_line' id='line_1_21' title="bbox 216 3003 949 3079; baseline 0.005 -20"><span class='ocrx_word' id='word_1_118' title='bbox 216 3011 250 3059; x_wconf 89' lang='lat' dir='ltr'>ut</span> <span class='ocrx_word' id='word_1_119' title='bbox 263 3003 339 3060; x_wconf 84' lang='lat' dir='ltr'>sama</span> <span class='ocrx_word' id='word_1_120' title='bbox 353 3012 396 3060; x_wconf 89' lang='lat' dir='ltr'>est</span> <span class='ocrx_word' id='word_1_121' title='bbox 410 3003 520 3079; x_wconf 87' lang='lat' dir='ltr'>aliquas</span> <span class='ocrx_word' id='word_1_122' title='bbox 536 3005 623 3062; x_wconf 90' lang='lat' dir='ltr'>etiam</span> <span class='ocrx_word' id='word_1_123' title='bbox 637 3022 718 3062; x_wconf 89' lang='lat' dir='ltr'>nunc</span> <span class='ocrx_word' id='word_1_124' title='bbox 732 3005 828 3062; x_wconf 87' lang='lat' dir='ltr'>vivere</span> <span class='ocrx_word' id='word_1_125' title='bbox 846 3006 949 3079; x_wconf 86' lang='lat' dir='ltr'>gentis.</span> 
     </span>
     <span class='ocr_line' id='line_1_22' title="bbox 217 3092 928 3169; baseline 0.004 -20"><span class='ocrx_word' id='word_1_126' title='bbox 217 3101 247 3149; x_wconf 88' lang='lat' dir='ltr'>at</span> <span class='ocrx_word' id='word_1_127' title='bbox 260 3092 337 3150; x_wconf 92' lang='lat' dir='ltr'>bene</span> <span class='ocrx_word' id='word_1_128' title='bbox 351 3111 411 3150; x_wconf 91' lang='lat' dir='ltr'>non</span> <span class='ocrx_word' id='word_1_129' title='bbox 425 3103 539 3168; x_wconf 90' lang='lat' dir='ltr'>poterat</span> <span class='ocrx_word' id='word_1_130' title='bbox 552 3095 614 3152; x_wconf 90' lang='lat' dir='ltr'>sine</span> <span class='ocrx_word' id='word_1_131' title='bbox 628 3112 703 3169; x_wconf 91' lang='lat' dir='ltr'>puro</span> <span class='ocrx_word' id='word_1_132' title='bbox 718 3105 837 3169; x_wconf 90' lang='lat' dir='ltr'>pectore</span> <span class='ocrx_word' id='word_1_133' title='bbox 853 3095 928 3168; x_wconf 88' lang='lat' dir='ltr'>vivi;</span> 
     </span>
     <span class='ocr_line' id='line_1_23' title="bbox 216 3182 961 3259; baseline 0.005 -20"><span class='ocrx_word' id='word_1_134' title='bbox 216 3199 278 3256; x_wconf 93' lang='lat' dir='ltr'>quo</span> <span class='ocrx_word' id='word_1_135' title='bbox 292 3182 383 3258; x_wconf 87' lang='lat' dir='ltr'>magis</span> <span class='ocrx_word' id='word_1_136' title='bbox 397 3183 444 3241; x_wconf 89' lang='lat' dir='ltr'>bic</span> <span class='ocrx_word' id='word_1_137' title='bbox 458 3184 561 3242; x_wconf 90' lang='lat' dir='ltr'>merito</span> <span class='ocrx_word' id='word_1_138' title='bbox 576 3185 660 3243; x_wconf 90' lang='lat' dir='ltr'>nobis</span> <span class='ocrx_word' id='word_1_139' title='bbox 674 3184 748 3243; x_wconf 88' lang='lat' dir='ltr'>deus</span> <span class='ocrx_word' id='word_1_140' title='bbox 762 3202 825 3243; x_wconf 89' lang='lat' dir='ltr'>esse</span> <span class='ocrx_word' id='word_1_141' title='bbox 839 3184 961 3259; x_wconf 89' lang='lat' dir='ltr'>videtur,</span> 
     </span>
     <span class='ocr_line' id='line_1_24' title="bbox 217 3275 941 3350; baseline 0.007 -21"><span class='ocrx_word' id='word_1_142' title='bbox 217 3290 255 3330; x_wconf 85' lang='lat' dir='ltr'>ex</span> <span class='ocrx_word' id='word_1_143' title='bbox 268 3290 329 3347; x_wconf 86' lang='lat' dir='ltr'>quo</span> <span class='ocrx_word' id='word_1_144' title='bbox 342 3292 422 3331; x_wconf 91' lang='lat' dir='ltr'>nunc</span> <span class='ocrx_word' id='word_1_145' title='bbox 437 3275 523 3331; x_wconf 89' lang='lat' dir='ltr'>etiam</span> <span class='ocrx_word' id='word_1_146' title='bbox 537 3293 591 3349; x_wconf 93' lang='lat' dir='ltr'>per</span> <span class='ocrx_word' id='word_1_147' title='bbox 604 3294 724 3350; x_wconf 87' lang='lat' dir='ltr'>magnas</span> <span class='ocrx_word' id='word_1_148' title='bbox 738 3275 832 3334; x_wconf 83' lang='lat' dir='ltr'>didita</span> <span class='ocrx_word' id='word_1_149' title='bbox 845 3277 941 3350; x_wconf 86' lang='lat' dir='ltr'>gentis</span> 
     </span>
     <span class='ocr_line' id='line_1_25' title="bbox 203 3361 854 3438; baseline 0.009 -20"><span class='ocrx_word' id='word_1_150' title='bbox 203 3361 314 3421; x_wconf 72' lang='lat' dir='ltr'>,dulcia</span> <span class='ocrx_word' id='word_1_151' title='bbox 327 3365 508 3438; x_wconf 88' lang='lat' dir='ltr'>permulcent</span> <span class='ocrx_word' id='word_1_152' title='bbox 520 3365 634 3424; x_wconf 91' lang='lat' dir='ltr'>animos</span> <span class='ocrx_word' id='word_1_153' title='bbox 648 3366 757 3424; x_wconf 87' lang='lat' dir='ltr'>solacia</span> <span class='ocrx_word' id='word_1_154' title='bbox 770 3366 854 3424; x_wconf 88' lang='lat' dir='ltr'>vitae.</span> 
     </span>
     <span class='ocr_line' id='line_1_26' title="bbox 218 3454 886 3530; baseline 0.001 -18"><span class='ocrx_word' id='word_1_155' title='bbox 218 3454 356 3512; x_wconf 85' lang='lat' dir='ltr'>Herculis</span> <span class='ocrx_word' id='word_1_156' title='bbox 370 3456 505 3512; x_wconf 84' lang='lat' dir='ltr'>antistare</span> <span class='ocrx_word' id='word_1_157' title='bbox 519 3465 617 3513; x_wconf 86' lang='lat' dir='ltr'>autem</span> <span class='ocrx_word' id='word_1_158' title='bbox 632 3456 655 3513; x_wconf 91' lang='lat' dir='ltr'>si</span> <span class='ocrx_word' id='word_1_159' title='bbox 670 3456 748 3513; x_wconf 87' lang='lat' dir='ltr'>sacta</span> <span class='ocrx_word' id='word_1_160' title='bbox 761 3455 886 3530; x_wconf 69' lang='lat' dir='ltr'>putabiS,</span> 
     </span>
     <span class='ocr_line' id='line_1_27' title="bbox 216 3542 790 3620; baseline 0.003 -18"><span class='ocrx_word' id='word_1_161' title='bbox 216 3542 331 3620; x_wconf 85' lang='lat' dir='ltr'>longius</span> <span class='ocrx_word' id='word_1_162' title='bbox 345 3563 364 3603; x_wconf 87' lang='lat' dir='ltr'>a</span> <span class='ocrx_word' id='word_1_163' title='bbox 376 3564 444 3603; x_wconf 90' lang='lat' dir='ltr'>vera</span> <span class='ocrx_word' id='word_1_164' title='bbox 457 3545 549 3605; x_wconf 88' lang='lat' dir='ltr'>multo</span> <span class='ocrx_word' id='word_1_165' title='bbox 563 3545 674 3603; x_wconf 89' lang='lat' dir='ltr'>ratione</span> <span class='ocrx_word' id='word_1_166' title='bbox 689 3545 790 3604; x_wconf 88' lang='lat' dir='ltr'>serere.</span> 
     </span>
    </p>
   </div>
   <div class='ocr_carea' id='block_1_6' title="bbox 0 0 1400 4025">
    <p class='ocr_par' dir='ltr' id='par_1_8' title="bbox 0 0 1400 4025">
     <span class='ocr_line' id='line_1_28' title="bbox 0 0 1400 4025; baseline 0 0"><span class='ocrx_word' id='word_1_167' title='bbox 0 0 1400 4025; x_wconf 95' lang='lat' dir='ltr'> </span> 
     </span>
    </p>
   </div>
  </div>
 </body>
</html>
