2792 4025
264 282 303 347 14
595 280 828 335 lueremus
1121 283 1162 354 [1.

299 441 377 499 Nam
391 457 595 515 quaecumque
609 441 717 514 cluent,
731 450 781 500 aut
795 441 839 501 his
853 444 1011 524 coniuncta
1024 444 1138 504 duabus

257 532 343 591 rebus
358 531 535 589 eainvenies
550 532 718 590 authorum
733 534 972 615 erentavidebis.
1113 555 1164 608 450

257 623 446 680 coniunctum
461 620 549 678 estid
563 621 645 696 quod
658 610 802 696 nusquam
817 624 878 681 sine
892 614 1047 699 permitiali

226 776 229 781 ,
257 711 380 771 discidio
394 712 471 787 potis
486 720 530 768 est
545 712 659 786 seiungi
673 730 764 786 seque
778 714 898 787 gregari,

256 802 373 877 pondus
387 802 429 860 uti
443 802 539 872 saxist,
555 802 635 859 calor
649 802 731 876 ignis,
747 802 842 875 liquor
854 804 948 876 aquai

260 890 369 970 [tactus
383 892 554 967 corporibus
569 892 681 949 cunctis
695 892 821 949 intactus
835 891 942 971 inani]

256 984 406 1041 servitium
416 993 519 1041 contra
531 990 687 1058 paupertas
702 981 887 1057 divitiaeque,
1113 1006 1161 1059 455

255 1074 369 1132 libertas
383 1074 491 1133 bellum
505 1072 673 1145 concordia,
688 1081 786 1130 cetera
799 1090 925 1147 quorum

254 1164 382 1223 adventu
396 1173 496 1221 manet
508 1163 662 1222 incolumis
676 1172 780 1221 natura
793 1163 941 1239 abituque,

254 1254 328 1312 haec
342 1255 418 1313 soliti
431 1274 539 1327 sumus,
554 1262 586 1312 ut
598 1273 652 1329 par
665 1263 719 1326 est,
734 1263 840 1311 eventa
853 1271 967 1313 vocare.

254 1353 370 1420 tempus
384 1346 454 1403 item
468 1363 522 1420 per
535 1363 566 1403 se
579 1364 641 1403 non
655 1353 708 1416 est,
724 1342 779 1403 sed
792 1345 879 1404 rebus
893 1345 931 1402 ab
946 1345 1014 1420 ipsis

254 1436 442 1510 consequitur
456 1440 565 1508 sensus,
579 1440 760 1494 transactum
775 1434 848 1511 quid
862 1436 899 1493 sit
912 1436 943 1492 in
957 1454 1040 1509 aevo,
1112 1444 1162 1507 4⁶0

254 1534 316 1583 tum
330 1544 465 1599 quaeres
480 1526 575 1597 instet,
588 1525 661 1601 quid
674 1544 763 1602 porro
777 1524 888 1585 deinde
903 1535 1047 1599 sequatur.

253 1633 310 1672 nec
323 1633 377 1690 per
390 1634 421 1673 se
435 1633 613 1689 quemquam
627 1624 744 1691 tempus
757 1616 864 1675 sentire
877 1615 1056 1676 fatendumst

254 1714 399 1763 semotum
413 1705 451 1764 ab
464 1724 560 1763 rerum
574 1714 655 1765 motu
669 1706 845 1782 placidaque
859 1707 968 1782 quiete.

254 1794 382 1870 denique
396 1794 595 1871 Tyndaridem
608 1806 721 1871 raptam
732 1798 869 1873 belloque
884 1797 1020 1856 subactas

252 1886 442 1962 Troiiugenas
455 1886 549 1962 gentis
563 1905 631 1945 cum
645 1887 748 1945 dicunt
761 1906 835 1959 esse,
849 1886 1039 1947 videndumst
1111 1895 1159 1959 465

252 1995 291 2036 ne
305 1977 379 2036 forte
393 1977 466 2036 haec
479 1994 533 2053 per
546 1994 577 2036 se
591 1987 698 2054 cogant
712 1997 766 2038 nos
780 1996 845 2038 esse
859 1978 950 2051 fateri,

252 2067 372 2143 quando
381 2086 417 2126 ea
424 2068 521 2126 saecla
530 2069 692 2142 hominum,
703 2089 828 2145 quorum
838 2069 914 2128 haec
923 2079 1029 2128 eventa
1036 2069 1159 2142 metunt,

252 2157 452 2218 inrevocabilis
466 2159 615 2217 abstulerit
627 2159 685 2216 iam
699 2161 854 2234 praeterita
868 2170 969 2232 aetas3

251 2266 379 2323 namque
394 2249 464 2306 aliut
476 2249 607 2324 Teucris,
622 2249 691 2308 aliut
705 2250 871 2325 regionibus
887 2249 957 2324 ipsis

251 2349 388 2397 eventum
403 2338 462 2398 dici
475 2340 582 2414 poterit
596 2339 806 2415 quodcumque
820 2340 875 2397 erit
888 2349 996 2398 actum.
1109 2361 1160 2409 470

251 2429 379 2504 denique
393 2431 528 2488 materies
542 2431 566 2488 si
579 2448 676 2488 rerum
690 2431 768 2488 nulla
781 2430 882 2488 fuisset

250 2537 306 2578 nec
320 2520 403 2579 locus
417 2538 452 2578 ac
466 2521 603 2594 spatium,
618 2539 664 2578 res
678 2521 709 2578 in
723 2539 783 2594 quo
797 2537 933 2595 quaeque
947 2529 1093 2595 geruntur,

250 2628 412 2685 numquam
425 2609 600 2686 Tyndaridis
615 2611 725 2668 formae
739 2610 881 2668 conflatus
895 2628 996 2669 amore

249 2701 333 2776 ignis,
348 2700 505 2758 Alexandri
520 2701 645 2777 Phrygio
660 2701 714 2759 sub
728 2710 847 2775 pectore
861 2701 996 2776 gliscens,

250 2793 328 2866 clara
340 2791 523 2850 accendisset
537 2792 615 2850 saevi
629 2792 789 2851 certamina
802 2791 879 2864 belli,
1108 2814 1156 2866 475

249 2873 307 2940 nec
321 2881 396 2950 clam
411 2882 548 2958 durateus
561 2883 706 2940 Troiianis
720 2884 861 2956 Pergama
873 2892 959 2958 partu

249 2972 457 3031 inflammasset
471 2990 565 3047 equos
579 2975 726 3030 nocturno
741 2973 1003 3048 Graiiugenarum

249 3063 415 3139 perspicere
430 3071 462 3121 ut
471 3063 566 3137 possis
580 3081 626 3121 res
640 3071 735 3138 gestas
750 3062 879 3121 funditus
893 3064 991 3121 omnis

249 3171 311 3210 non
324 3154 364 3211 ita
377 3154 419 3211 uti
430 3171 537 3228 corpus
547 3171 601 3228 per
614 3170 646 3210 se
661 3162 795 3210 constare
809 3171 906 3228 neque
921 3172 996 3226 esse,

249 3261 306 3302 nec
320 3243 432 3302 ratione
447 3244 543 3301 cluere
558 3241 663 3301 eadem
677 3261 737 3316 qua
749 3252 865 3301 constet
878 3244 974 3317 inane,
1106 3255 1157 3316 480

249 3333 304 3394 sed
318 3334 408 3409 magis
422 3343 455 3391 ut
468 3334 572 3391 merito
585 3333 679 3408 possis
693 3343 799 3392 eventa
811 3352 917 3393 vocare

249 3425 380 3499 corporis
394 3433 482 3498 atque
496 3424 563 3496 loci,
577 3442 622 3482 res
637 3424 667 3481 in
681 3442 742 3498 quo
756 3442 891 3500 quaeque
905 3434 1050 3501 gerantur.

248 3535 250 3547 ·
290 3515 423 3591 Corpora
436 3522 504 3574 sunt
517 3533 604 3590 porro
618 3516 724 3590 partim
737 3516 897 3592 primordia
909 3536 1015 3590 rerum,
