2792 4025
252 258 322 330 un]
489 261 544 312 ns
572 261 718 314 RERUM
747 262 922 315 NATURA
1115 264 1155 330 73

247 424 395 499 corripere
410 443 448 482 ex
462 443 566 483 somno
581 443 689 500 corpus
703 436 875 501 mutareque
888 427 1001 486 vultum

247 525 336 589 atque
352 515 502 573 hominem
516 525 612 573 totum
626 535 726 591 regere
741 535 777 574 ae
789 536 904 576 versare
918 518 1042 592 videtur,

247 623 372 680 quorum
387 605 428 663 nil
441 606 503 663 fieri
517 607 579 663 sine
594 617 673 663 tactu
688 625 776 682 posse
790 607 925 666 videmus
1111 616 1155 680 165

247 714 304 752 nec
319 705 428 753 tactum
444 714 532 770 porro
547 697 609 754 sine
623 715 757 772 corpore,
772 716 871 756 nonne
885 699 1065 757 fatendumst

247 804 391 860 corporea
404 796 507 843 natura
521 787 652 844 animum
667 798 802 846 constare
816 790 1026 864 animamque?

247 887 398 950 praeterea
411 877 519 951 pariter
533 877 613 952 fungi
628 896 695 934 curn
711 896 834 952 corpore
849 889 879 936 et
892 898 952 936 una

247 967 413 1024 consentire
428 967 559 1024 animum
573 968 658 1026 nobis
674 967 704 1025 in
719 986 842 1043 corpore
857 970 960 1026 cernis.

246 1057 381 1115 siminus
395 1057 519 1115 offendit
531 1057 621 1115 vitam
635 1059 677 1116 vis
692 1058 810 1116 horrida
823 1059 873 1116 teli
1110 1081 1157 1126 170

246 1148 361 1206 ossibus
375 1166 410 1205 ac
425 1149 521 1206 nervis
536 1147 669 1206 disclusis
684 1149 762 1207 intus
776 1148 891 1218 adacta,

245 1249 276 1296 at
290 1248 390 1296 tamen
404 1239 565 1314 insequitur
578 1238 701 1314 languor
714 1248 865 1313 terraeque
880 1239 987 1314 petitus

207 1400 209 1411 ‚
245 1330 353 1404 segnis,
368 1339 399 1387 et
412 1329 443 1387 in
457 1339 532 1387 terra
546 1330 653 1388 mentis
667 1329 718 1404 qui
732 1330 858 1405 gignitur
871 1340 978 1402 aestus,

208 1442 209 1456 ¹
245 1419 453 1494 interdumque
468 1420 552 1495 quasi
566 1419 727 1494 exurgendi
740 1421 852 1478 incerta
865 1422 1007 1479 voluntas.

204 1496 209 1568 i
245 1529 316 1584 ergo
331 1529 503 1586 corpoream
518 1501 651 1568 naturam
665 1510 755 1568 animi
769 1528 833 1568 esse
848 1520 1005 1583 necessest,

245 1603 394 1677 corporeis
408 1603 547 1677 quoniam
561 1601 625 1660 telis
639 1601 758 1676 ictuque
772 1601 892 1660 laborat

286 1694 317 1751 Is
331 1693 383 1751 tibi
397 1711 476 1750 nunc
491 1692 604 1750 animus
618 1691 697 1767 quali
711 1693 747 1750 sit
761 1710 885 1767 corpore
900 1702 929 1751 et
943 1690 1023 1750 unde

245 1784 407 1842 constiterit
422 1776 542 1858 pergam
555 1783 700 1840 rationem
713 1781 838 1840 reddere
853 1783 948 1841 dictis.

244 1875 390 1950 principio
402 1893 466 1932 esse
481 1875 527 1931 aio
542 1873 731 1948 persuptilem
745 1882 834 1947 atque
848 1873 968 1931 minutis

244 1984 387 2041 perquam
402 1964 573 2041 corporibus
586 1964 696 2021 iactum
712 1974 856 2021 constare.
878 1963 909 2022 id
923 1964 964 2022 ita
977 1981 1041 2023 esse

245 2058 313 2115 hinc
327 2058 396 2114 licet
410 2056 542 2115 advertas
557 2055 687 2112 animum
701 2065 734 2112 ut
748 2073 923 2129 pernoscere
938 2055 1052 2130 possis:

243 2148 284 2205 nil
299 2147 375 2205 adeo
389 2148 452 2205 fieri
466 2146 553 2203 celeri
567 2145 679 2203 ratione
693 2145 817 2216 videtur,

243 2257 333 2313 quam
347 2238 400 2296 sibi
415 2236 576 2311 mens-fieri
589 2234 729 2310 prop'onit
743 2244 772 2291 et
786 2234 906 2293 inchoat
919 2234 1001 2309 ipsa3

243 2329 326 2386 ocius
341 2346 411 2403 ergo
425 2329 539 2386 animus
554 2345 641 2402 quam
656 2343 703 2383 res
717 2343 749 2383 se
764 2325 877 2399 perciet
890 2325 957 2396 ulla,

242 2429 310 2476 ante
325 2419 427 2476 oculos
442 2436 566 2493 quorum
582 2418 612 2475 in
627 2424 765 2491 promptu
779 2425 882 2472 natura
894 2414 1018 2473 videtur.
1103 2422 1148 2485 185

242 2520 273 2567 at
286 2508 368 2584 quod
382 2509 490 2566 mobile
505 2517 587 2565 tanto
602 2516 729 2583 operest,
745 2515 878 2563 constare
892 2505 1024 2563 rutundis

151 2593 155 2601 ’
241 2618 384 2675 perquam
398 2599 557 2657 seminibus
572 2597 662 2655 debet
676 2614 877 2672 perquamque
892 2595 1021 2667 minutis,

242 2690 372 2747 momine
386 2690 428 2747 uti
441 2707 531 2764 parvo
544 2688 657 2763 possint
671 2687 784 2761 inpulsa
798 2686 918 2744 moveri.

240 2798 370 2855 namque
384 2789 516 2837 movetur
530 2796 606 2853 aqua
621 2787 650 2836 et
664 2777 775 2835 tantillo
790 2776 921 2834 momine
936 2776 1018 2834 flutat

241 2871 351 2946 quippe
366 2870 538 2928 volubilibus
552 2868 705 2943 parvisque
719 2878 817 2925 creata
830 2867 937 2943 figuris.

240 2971 271 3020 at
285 2971 387 3018 contra
400 2960 492 3018 mellis
506 2959 685 3017 constantior
699 2968 743 3015 est
756 2967 860 3015 natura

241 3062 271 3109 et
284 3052 358 3127 pigri
371 3051 470 3108 latices
484 3050 575 3125 magis
590 3060 620 3106 et
634 3050 818 3107 cunctantior
831 3057 934 3121 actus;

240 3143 341 3200 haeret
354 3141 433 3199 enim
447 3140 522 3197 inter
535 3158 566 3197 se
581 3140 673 3214 magis
687 3139 783 3197 omnis
798 3140 929 3197 materiai

240 3233 336 3308 copia,
350 3232 487 3289 nimirum
501 3231 643 3305 quianon
658 3239 719 3287 tam
733 3230 844 3287 levibus
859 3231 939 3286 extat

240 3323 411 3398 corporibus
424 3338 521 3395 neque
536 3330 595 3378 tam
610 3320 762 3378 subtilibus
776 3329 865 3394 atque
879 3318 1021 3376 rutundis.
1100 3335 1144 3391 195

238 3432 366 3488 namque
382 3412 531 3487 papaveris
545 3429 615 3468 aura
628 3419 726 3485 potest
740 3428 881 3483 suspensa
894 3410 1023 3482 levisque

239 3521 344 3579 cogere
360 3512 391 3560 ut
405 3503 443 3560 ab
457 3518 572 3559 summo
586 3500 638 3558 tibi
652 3499 767 3558 diffluat
780 3500 854 3557 altus
868 3517 1008 3571 acervus;
