<?xml version="1.0" encoding="UTF-8"?>
<!DOCTYPE html PUBLIC "-//W3C//DTD XHTML 1.0 Transitional//EN"
    "http://www.w3.org/TR/xhtml1/DTD/xhtml1-transitional.dtd">
<html xmlns="http://www.w3.org/1999/xhtml" xml:lang="en" lang="en">
 <head>
  <title>
</title>
<meta http-equiv="Content-Type" content="text/html;charset=utf-8" />
  <meta name='ocr-system' content='tesseract 3.04.00' />
  <meta name='ocr-capabilities' content='ocr_page ocr_carea ocr_par ocr_line ocrx_word'/>
</head>
<body>
  <div class='ocr_page' id='page_1' title='image "./tlucreticarider01kelsgoog_0211.png"; bbox 0 0 2792 4025; ppageno 0'>
   <div class='ocr_carea' id='block_1_1' title="bbox 244 262 1147 333">
    <p class='ocr_par' dir='ltr' id='par_1_1' title="bbox 244 262 1147 333">
     <span class='ocr_line' id='line_1_1' title="bbox 244 262 1147 333; baseline -0.004 -18"><span class='ocrx_word' id='word_1_1' title='bbox 244 262 293 333; x_wconf 87' lang='lat' dir='ltr'>V.]</span> <span class='ocrx_word' id='word_1_2' title='bbox 485 262 540 315; x_wconf 88' lang='lat' dir='ltr'>DE</span> <span class='ocrx_word' id='word_1_3' title='bbox 567 262 714 316; x_wconf 91' lang='lat' dir='ltr'><strong>RERUM</strong></span> <span class='ocrx_word' id='word_1_4' title='bbox 742 262 913 317; x_wconf 85' lang='lat' dir='ltr'><strong>NATURA</strong></span> <span class='ocrx_word' id='word_1_5' title='bbox 1088 262 1147 330; x_wconf 87' lang='lat'>147</span> 
     </span>
    </p>
   </div>
   <div class='ocr_carea' id='block_1_2' title="bbox 240 421 1148 2214">
    <p class='ocr_par' dir='ltr' id='par_1_2' title="bbox 243 421 1044 498">
     <span class='ocr_line' id='line_1_2' title="bbox 243 421 1044 498; baseline 0.002 -18"><span class='ocrx_word' id='word_1_6' title='bbox 243 421 326 498; x_wconf 93' lang='lat' dir='ltr'>quod</span> <span class='ocrx_word' id='word_1_7' title='bbox 339 422 364 481; x_wconf 89' lang='lat' dir='ltr'>si</span> <span class='ocrx_word' id='word_1_8' title='bbox 377 423 450 481; x_wconf 85' lang='lat' dir='ltr'>sorte</span> <span class='ocrx_word' id='word_1_9' title='bbox 465 422 553 480; x_wconf 89' lang='lat' dir='ltr'>fuisse</span> <span class='ocrx_word' id='word_1_10' title='bbox 566 422 691 480; x_wconf 89' lang='lat' dir='ltr'>antehac</span> <span class='ocrx_word' id='word_1_11' title='bbox 706 421 811 481; x_wconf 89' lang='lat' dir='ltr'>eadem</span> <span class='ocrx_word' id='word_1_12' title='bbox 826 424 926 481; x_wconf 88' lang='lat' dir='ltr'>omnia</span> <span class='ocrx_word' id='word_1_13' title='bbox 939 421 1044 496; x_wconf 89' lang='lat' dir='ltr'>credis,</span> 
     </span>
    </p>

    <p class='ocr_par' dir='ltr' id='par_1_3' title="bbox 243 512 971 589">
     <span class='ocr_line' id='line_1_3' title="bbox 243 512 971 589; baseline 0 -18"><span class='ocrx_word' id='word_1_14' title='bbox 243 512 297 571; x_wconf 93' lang='lat' dir='ltr'>sed</span> <span class='ocrx_word' id='word_1_15' title='bbox 310 512 429 589; x_wconf 90' lang='lat' dir='ltr'>periisse</span> <span class='ocrx_word' id='word_1_16' title='bbox 443 512 596 570; x_wconf 91' lang='lat' dir='ltr'>hominum</span> <span class='ocrx_word' id='word_1_17' title='bbox 610 513 730 571; x_wconf 87' lang='lat' dir='ltr'>torrenti</span> <span class='ocrx_word' id='word_1_18' title='bbox 745 514 840 571; x_wconf 87' lang='lat' dir='ltr'>saecla</span> <span class='ocrx_word' id='word_1_19' title='bbox 853 531 971 589; x_wconf 91' lang='lat' dir='ltr'>vapore,</span> 
     </span>
    </p>

    <p class='ocr_par' dir='ltr' id='par_1_4' title="bbox 242 602 1148 677">
     <span class='ocr_line' id='line_1_4' title="bbox 242 602 1148 677; baseline -0.001 -17"><span class='ocrx_word' id='word_1_20' title='bbox 242 612 293 660; x_wconf 91' lang='lat' dir='ltr'>aut</span> <span class='ocrx_word' id='word_1_21' title='bbox 306 602 449 661; x_wconf 87' lang='lat' dir='ltr'>cecidisse</span> <span class='ocrx_word' id='word_1_22' title='bbox 462 603 540 661; x_wconf 90' lang='lat' dir='ltr'>urbis</span> <span class='ocrx_word' id='word_1_23' title='bbox 555 621 662 677; x_wconf 90' lang='lat' dir='ltr'>magno</span> <span class='ocrx_word' id='word_1_24' title='bbox 675 604 829 661; x_wconf 85' lang='lat' dir='ltr'>vexamine</span> <span class='ocrx_word' id='word_1_25' title='bbox 843 603 956 677; x_wconf 90' lang='lat' dir='ltr'>mundi,</span> <span class='ocrx_word' id='word_1_26' title='bbox 1099 622 1148 674; x_wconf 84' lang='lat'>340</span> 
     </span>
    </p>

    <p class='ocr_par' dir='ltr' id='par_1_5' title="bbox 242 692 884 769">
     <span class='ocr_line' id='line_1_5' title="bbox 242 692 884 769; baseline 0.003 -19"><span class='ocrx_word' id='word_1_27' title='bbox 242 702 293 750; x_wconf 88' lang='lat' dir='ltr'>aut</span> <span class='ocrx_word' id='word_1_28' title='bbox 306 710 344 750; x_wconf 91' lang='lat' dir='ltr'>ex</span> <span class='ocrx_word' id='word_1_29' title='bbox 357 693 497 752; x_wconf 89' lang='lat' dir='ltr'><strong>imbribus</strong></span> <span class='ocrx_word' id='word_1_30' title='bbox 511 692 641 751; x_wconf 87' lang='lat' dir='ltr'>adsiduis</span> <span class='ocrx_word' id='word_1_31' title='bbox 655 694 749 751; x_wconf 86' lang='lat' dir='ltr'>exisse</span> <span class='ocrx_word' id='word_1_32' title='bbox 763 711 884 769; x_wconf 84' lang='lat' dir='ltr'>rapaces</span> 
     </span>
    </p>

    <p class='ocr_par' dir='ltr' id='par_1_6' title="bbox 242 783 951 860">
     <span class='ocr_line' id='line_1_6' title="bbox 242 783 951 860; baseline 0.006 -21"><span class='ocrx_word' id='word_1_33' title='bbox 242 800 295 858; x_wconf 89' lang='lat' dir='ltr'>per</span> <span class='ocrx_word' id='word_1_34' title='bbox 307 792 396 840; x_wconf 88' lang='lat' dir='ltr'>terras</span> <span class='ocrx_word' id='word_1_35' title='bbox 410 801 511 840; x_wconf 88' lang='lat' dir='ltr'>amnes</span> <span class='ocrx_word' id='word_1_36' title='bbox 525 793 614 859; x_wconf 90' lang='lat' dir='ltr'>atque</span> <span class='ocrx_word' id='word_1_37' title='bbox 628 783 740 859; x_wconf 88' lang='lat' dir='ltr'>oppida</span> <span class='ocrx_word' id='word_1_38' title='bbox 754 783 951 860; x_wconf 88' lang='lat' dir='ltr'>cooperuisse,</span> 
     </span>
    </p>

    <p class='ocr_par' dir='ltr' id='par_1_7' title="bbox 242 872 947 949">
     <span class='ocr_line' id='line_1_7' title="bbox 242 872 947 949; baseline 0.001 -18"><span class='ocrx_word' id='word_1_39' title='bbox 242 882 324 931; x_wconf 88' lang='lat' dir='ltr'>tanto</span> <span class='ocrx_word' id='word_1_40' title='bbox 338 872 447 948; x_wconf 90' lang='lat' dir='ltr'>quique</span> <span class='ocrx_word' id='word_1_41' title='bbox 461 874 553 949; x_wconf 90' lang='lat' dir='ltr'>magis</span> <span class='ocrx_word' id='word_1_42' title='bbox 567 874 661 932; x_wconf 92' lang='lat' dir='ltr'>victus</span> <span class='ocrx_word' id='word_1_43' title='bbox 675 874 783 932; x_wconf 81' lang='lat' dir='ltr'>fateare</span> <span class='ocrx_word' id='word_1_44' title='bbox 798 882 947 933; x_wconf 88' lang='lat' dir='ltr'>necessest</span> 
     </span>
    </p>

    <p class='ocr_par' dir='ltr' id='par_1_8' title="bbox 242 962 948 1039">
     <span class='ocr_line' id='line_1_8' title="bbox 242 962 948 1039; baseline 0.004 -20"><span class='ocrx_word' id='word_1_45' title='bbox 242 962 363 1020; x_wconf 89' lang='lat' dir='ltr'>exitium</span> <span class='ocrx_word' id='word_1_46' title='bbox 376 980 495 1039; x_wconf 92' lang='lat' dir='ltr'>quoque</span> <span class='ocrx_word' id='word_1_47' title='bbox 510 973 648 1021; x_wconf 85' lang='lat' dir='ltr'>terrarum</span> <span class='ocrx_word' id='word_1_48' title='bbox 663 964 796 1039; x_wconf 88' lang='lat' dir='ltr'>caelique</span> <span class='ocrx_word' id='word_1_49' title='bbox 811 964 948 1023; x_wconf 88' lang='lat' dir='ltr'>futurum.</span> 
     </span>
    </p>

    <p class='ocr_par' dir='ltr' id='par_1_9' title="bbox 242 1054 1146 1130">
     <span class='ocr_line' id='line_1_9' title="bbox 242 1054 1146 1130; baseline 0.004 -21"><span class='ocrx_word' id='word_1_50' title='bbox 242 1070 312 1110; x_wconf 89' lang='lat' dir='ltr'>nam</span> <span class='ocrx_word' id='word_1_51' title='bbox 325 1072 393 1110; x_wconf 91' lang='lat' dir='ltr'>cum</span> <span class='ocrx_word' id='word_1_52' title='bbox 407 1072 453 1112; x_wconf 89' lang='lat' dir='ltr'>res</span> <span class='ocrx_word' id='word_1_53' title='bbox 467 1054 554 1112; x_wconf 85' lang='lat' dir='ltr'>tantis</span> <span class='ocrx_word' id='word_1_54' title='bbox 568 1055 678 1113; x_wconf 88' lang='lat' dir='ltr'>morbis</span> <span class='ocrx_word' id='word_1_55' title='bbox 692 1056 837 1129; x_wconf 89' lang='lat' dir='ltr'>tantisque</span> <span class='ocrx_word' id='word_1_56' title='bbox 851 1055 965 1130; x_wconf 86' lang='lat' dir='ltr'>periclis</span> <span class='ocrx_word' id='word_1_57' title='bbox 1099 1071 1146 1125; x_wconf 84' lang='lat'>345</span> 
     </span>
    </p>

    <p class='ocr_par' dir='ltr' id='par_1_10' title="bbox 241 1144 868 1219">
     <span class='ocr_line' id='line_1_10' title="bbox 241 1144 868 1219; baseline 0.005 -19"><span class='ocrx_word' id='word_1_58' title='bbox 241 1152 460 1219; x_wconf 90' lang='lat' dir='ltr'>temptarentur,</span> <span class='ocrx_word' id='word_1_59' title='bbox 475 1144 516 1203; x_wconf 90' lang='lat' dir='ltr'>ibi</span> <span class='ocrx_word' id='word_1_60' title='bbox 530 1144 555 1203; x_wconf 93' lang='lat' dir='ltr'>si</span> <span class='ocrx_word' id='word_1_61' title='bbox 568 1145 675 1203; x_wconf 87' lang='lat' dir='ltr'>tristior</span> <span class='ocrx_word' id='word_1_62' title='bbox 688 1145 868 1203; x_wconf 88' lang='lat' dir='ltr'>incubuisset</span> 
     </span>
    </p>

    <p class='ocr_par' dir='ltr' id='par_1_11' title="bbox 241 1233 971 1310">
     <span class='ocr_line' id='line_1_11' title="bbox 241 1233 971 1310; baseline 0.001 -20"><span class='ocrx_word' id='word_1_63' title='bbox 241 1252 338 1305; x_wconf 89' lang='lat' dir='ltr'>causa,</span> <span class='ocrx_word' id='word_1_64' title='bbox 353 1233 457 1292; x_wconf 88' lang='lat' dir='ltr'>darent</span> <span class='ocrx_word' id='word_1_65' title='bbox 470 1234 527 1293; x_wconf 93' lang='lat' dir='ltr'>late</span> <span class='ocrx_word' id='word_1_66' title='bbox 541 1234 657 1292; x_wconf 87' lang='lat' dir='ltr'>cladem</span> <span class='ocrx_word' id='word_1_67' title='bbox 670 1252 850 1310; x_wconf 91' lang='lat' dir='ltr'>magnasque</span> <span class='ocrx_word' id='word_1_68' title='bbox 864 1235 971 1292; x_wconf 86' lang='lat' dir='ltr'>ruinas.</span> 
     </span>
    </p>

    <p class='ocr_par' dir='ltr' id='par_1_12' title="bbox 242 1324 878 1396">
     <span class='ocr_line' id='line_1_12' title="bbox 242 1324 878 1396; baseline 0.002 -16"><span class='ocrx_word' id='word_1_69' title='bbox 242 1342 298 1381; x_wconf 89' lang='lat' dir='ltr'>nec</span> <span class='ocrx_word' id='word_1_70' title='bbox 313 1324 424 1382; x_wconf 90' lang='lat' dir='ltr'>ratione</span> <span class='ocrx_word' id='word_1_71' title='bbox 438 1325 494 1382; x_wconf 90' lang='lat' dir='ltr'>alia</span> <span class='ocrx_word' id='word_1_72' title='bbox 508 1326 644 1383; x_wconf 87' lang='lat' dir='ltr'>mortales</span> <span class='ocrx_word' id='word_1_73' title='bbox 658 1343 723 1383; x_wconf 89' lang='lat' dir='ltr'>esse</span> <span class='ocrx_word' id='word_1_74' title='bbox 736 1324 878 1396; x_wconf 89' lang='lat' dir='ltr'>videmur,</span> 
     </span>
    </p>

    <p class='ocr_par' dir='ltr' id='par_1_13' title="bbox 241 1414 988 1490">
     <span class='ocr_line' id='line_1_13' title="bbox 241 1414 988 1490; baseline 0.001 -19"><span class='ocrx_word' id='word_1_75' title='bbox 241 1414 316 1471; x_wconf 89' lang='lat' dir='ltr'>inter</span> <span class='ocrx_word' id='word_1_76' title='bbox 329 1433 384 1473; x_wconf 93' lang='lat' dir='ltr'>nos</span> <span class='ocrx_word' id='word_1_77' title='bbox 398 1415 453 1473; x_wconf 89' lang='lat' dir='ltr'>nisi</span> <span class='ocrx_word' id='word_1_78' title='bbox 467 1414 549 1490; x_wconf 93' lang='lat' dir='ltr'>quod</span> <span class='ocrx_word' id='word_1_79' title='bbox 562 1415 674 1473; x_wconf 90' lang='lat' dir='ltr'>morbis&#39;</span> <span class='ocrx_word' id='word_1_80' title='bbox 685 1416 880 1490; x_wconf 88' lang='lat' dir='ltr'>aegrescimus</span> <span class='ocrx_word' id='word_1_81' title='bbox 894 1414 988 1473; x_wconf 90' lang='lat' dir='ltr'>isdem</span> 
     </span>
    </p>

    <p class='ocr_par' dir='ltr' id='par_1_14' title="bbox 242 1506 1148 1671">
     <span class='ocr_line' id='line_1_14' title="bbox 242 1506 1148 1580; baseline -0.002 -19"><span class='ocrx_word' id='word_1_82' title='bbox 242 1513 330 1579; x_wconf 91' lang='lat' dir='ltr'>atque</span> <span class='ocrx_word' id='word_1_83' title='bbox 345 1506 384 1562; x_wconf 90' lang='lat' dir='ltr'>illi</span> <span class='ocrx_word' id='word_1_84' title='bbox 398 1523 473 1580; x_wconf 94' lang='lat' dir='ltr'>quos</span> <span class='ocrx_word' id='word_1_85' title='bbox 487 1524 505 1563; x_wconf 96' lang='lat' dir='ltr'>a</span> <span class='ocrx_word' id='word_1_86' title='bbox 518 1506 577 1563; x_wconf 92' lang='lat' dir='ltr'>vita</span> <span class='ocrx_word' id='word_1_87' title='bbox 589 1515 692 1563; x_wconf 90' lang='lat' dir='ltr'>natura</span> <span class='ocrx_word' id='word_1_88' title='bbox 705 1506 838 1563; x_wconf 89' lang='lat' dir='ltr'>removit.</span> <span class='ocrx_word' id='word_1_89' title='bbox 1099 1520 1148 1574; x_wconf 80' lang='lat'>350</span> 
     </span>
     <span class='ocr_line' id='line_1_15' title="bbox 283 1597 1084 1671; baseline -0.002 -18"><span class='ocrx_word' id='word_1_90' title='bbox 283 1597 435 1653; x_wconf 86' lang='lat' dir='ltr'>Praeterea</span> <span class='ocrx_word' id='word_1_91' title='bbox 447 1614 651 1671; x_wconf 91' lang='lat' dir='ltr'>quaecumque</span> <span class='ocrx_word' id='word_1_92' title='bbox 666 1605 786 1653; x_wconf 89' lang='lat' dir='ltr'>manent</span> <span class='ocrx_word' id='word_1_93' title='bbox 800 1606 918 1653; x_wconf 88' lang='lat' dir='ltr'>aeterna</span> <span class='ocrx_word' id='word_1_94' title='bbox 932 1603 1084 1653; x_wconf 91' lang='lat' dir='ltr'>necessust</span> 
     </span>
    </p>

    <p class='ocr_par' dir='ltr' id='par_1_15' title="bbox 241 1686 1044 1761">
     <span class='ocr_line' id='line_1_16' title="bbox 241 1686 1044 1761; baseline -0.001 -19"><span class='ocrx_word' id='word_1_95' title='bbox 241 1695 300 1757; x_wconf 89' lang='lat' dir='ltr'>aut,</span> <span class='ocrx_word' id='word_1_96' title='bbox 315 1687 384 1761; x_wconf 90' lang='lat' dir='ltr'>quia</span> <span class='ocrx_word' id='word_1_97' title='bbox 398 1696 465 1745; x_wconf 93' lang='lat' dir='ltr'>sunt</span> <span class='ocrx_word' id='word_1_98' title='bbox 479 1686 574 1745; x_wconf 92' lang='lat' dir='ltr'>solido</span> <span class='ocrx_word' id='word_1_99' title='bbox 588 1704 656 1743; x_wconf 91' lang='lat' dir='ltr'>cum</span> <span class='ocrx_word' id='word_1_100' title='bbox 671 1704 804 1761; x_wconf 90' lang='lat' dir='ltr'>corpore,</span> <span class='ocrx_word' id='word_1_101' title='bbox 819 1702 955 1759; x_wconf 87' lang='lat' dir='ltr'>respuere</span> <span class='ocrx_word' id='word_1_102' title='bbox 969 1686 1044 1742; x_wconf 90' lang='lat' dir='ltr'>ictus</span> 
     </span>
    </p>

    <p class='ocr_par' dir='ltr' id='par_1_16' title="bbox 241 1775 1069 1852">
     <span class='ocr_line' id='line_1_17' title="bbox 241 1775 1069 1852; baseline -0.001 -19"><span class='ocrx_word' id='word_1_103' title='bbox 241 1794 297 1834; x_wconf 91' lang='lat' dir='ltr'>nec</span> <span class='ocrx_word' id='word_1_104' title='bbox 311 1786 463 1851; x_wconf 88' lang='lat' dir='ltr'>penetrare</span> <span class='ocrx_word' id='word_1_105' title='bbox 476 1777 538 1852; x_wconf 90' lang='lat' dir='ltr'>pati</span> <span class='ocrx_word' id='word_1_106' title='bbox 552 1777 606 1835; x_wconf 93' lang='lat' dir='ltr'>sibi</span> <span class='ocrx_word' id='word_1_107' title='bbox 620 1777 781 1852; x_wconf 91' lang='lat' dir='ltr'>quicquam</span> <span class='ocrx_word' id='word_1_108' title='bbox 796 1775 878 1851; x_wconf 93' lang='lat' dir='ltr'>quod</span> <span class='ocrx_word' id='word_1_109' title='bbox 892 1784 981 1850; x_wconf 88' lang='lat' dir='ltr'>queat</span> <span class='ocrx_word' id='word_1_110' title='bbox 994 1784 1069 1833; x_wconf 85' lang='lat' dir='ltr'>artas</span> 
     </span>
    </p>

    <p class='ocr_par' dir='ltr' id='par_1_17' title="bbox 241 1865 794 1951">
     <span class='ocr_line' id='line_1_18' title="bbox 241 1865 794 1951; baseline 0.004 -28"><span class='ocrx_word' id='word_1_111' title='bbox 241 1865 399 1924; x_wconf 86' lang='lat' dir='ltr'>dissociare</span> <span class='ocrx_word' id='word_1_112' title='bbox 413 1867 491 1925; x_wconf 92' lang='lat' dir='ltr'>intus</span> <span class='ocrx_word' id='word_1_113' title='bbox 505 1867 602 1951; x_wconf 76' lang='lat' dir='ltr'>partis,</span> <span class='ocrx_word' id='word_1_114' title='bbox 617 1876 650 1925; x_wconf 91' lang='lat' dir='ltr'>ut</span> <span class='ocrx_word' id='word_1_115' title='bbox 664 1867 794 1925; x_wconf 88' lang='lat' dir='ltr'>materiai</span> 
     </span>
    </p>

    <p class='ocr_par' dir='ltr' id='par_1_18' title="bbox 241 1956 1146 2034">
     <span class='ocr_line' id='line_1_19' title="bbox 241 1956 1146 2034; baseline -0.001 -19"><span class='ocrx_word' id='word_1_116' title='bbox 241 1974 366 2034; x_wconf 93' lang='lat' dir='ltr'>corpora</span> <span class='ocrx_word' id='word_1_117' title='bbox 378 1966 445 2016; x_wconf 91' lang='lat' dir='ltr'>sunt</span> <span class='ocrx_word' id='word_1_118' title='bbox 458 1975 584 2034; x_wconf 91' lang='lat' dir='ltr'>quorum</span> <span class='ocrx_word' id='word_1_119' title='bbox 597 1967 730 2016; x_wconf 87' lang='lat' dir='ltr'>naturam</span> <span class='ocrx_word' id='word_1_120' title='bbox 744 1956 926 2016; x_wconf 89' lang='lat' dir='ltr'>ostendimus</span> <span class='ocrx_word' id='word_1_121' title='bbox 940 1964 1018 2029; x_wconf 87' lang='lat' dir='ltr'>ante,</span> <span class='ocrx_word' id='word_1_122' title='bbox 1099 1970 1146 2025; x_wconf 82' lang='lat'>355</span> 
     </span>
    </p>

    <p class='ocr_par' dir='ltr' id='par_1_19' title="bbox 240 2047 947 2122">
     <span class='ocr_line' id='line_1_20' title="bbox 240 2047 947 2122; baseline -0.003 -16"><span class='ocrx_word' id='word_1_123' title='bbox 240 2058 291 2106; x_wconf 89' lang='lat' dir='ltr'>aut</span> <span class='ocrx_word' id='word_1_124' title='bbox 304 2047 377 2106; x_wconf 90' lang='lat' dir='ltr'>ideo</span> <span class='ocrx_word' id='word_1_125' title='bbox 391 2048 495 2106; x_wconf 89' lang='lat' dir='ltr'>durare</span> <span class='ocrx_word' id='word_1_126' title='bbox 508 2058 636 2106; x_wconf 89' lang='lat' dir='ltr'>aetatem</span> <span class='ocrx_word' id='word_1_127' title='bbox 650 2066 736 2117; x_wconf 90' lang='lat' dir='ltr'>posse</span> <span class='ocrx_word' id='word_1_128' title='bbox 751 2067 804 2122; x_wconf 91' lang='lat' dir='ltr'>per</span> <span class='ocrx_word' id='word_1_129' title='bbox 818 2066 947 2120; x_wconf 91' lang='lat' dir='ltr'>omnem,</span> 
     </span>
    </p>

    <p class='ocr_par' dir='ltr' id='par_1_20' title="bbox 240 2138 957 2214">
     <span class='ocr_line' id='line_1_21' title="bbox 240 2138 957 2214; baseline -0.003 -17"><span class='ocrx_word' id='word_1_130' title='bbox 240 2140 389 2214; x_wconf 90' lang='lat' dir='ltr'>plagarum</span> <span class='ocrx_word' id='word_1_131' title='bbox 404 2140 474 2214; x_wconf 90' lang='lat' dir='ltr'>quia</span> <span class='ocrx_word' id='word_1_132' title='bbox 487 2148 554 2197; x_wconf 86' lang='lat' dir='ltr'>sunt</span> <span class='ocrx_word' id='word_1_133' title='bbox 568 2139 707 2213; x_wconf 87' lang='lat' dir='ltr'>expertia,</span> <span class='ocrx_word' id='word_1_134' title='bbox 723 2139 797 2196; x_wconf 89' lang='lat' dir='ltr'>sicut</span> <span class='ocrx_word' id='word_1_135' title='bbox 811 2138 897 2195; x_wconf 88' lang='lat' dir='ltr'>inane</span> <span class='ocrx_word' id='word_1_136' title='bbox 911 2146 957 2196; x_wconf 88' lang='lat' dir='ltr'>est</span> 
     </span>
    </p>
   </div>
   <div class='ocr_carea' id='block_1_3' title="bbox 155 2225 1083 2304">
    <p class='ocr_par' dir='ltr' id='par_1_21' title="bbox 155 2225 1083 2304">
     <span class='ocr_line' id='line_1_22' title="bbox 155 2225 1083 2304; baseline -0.003 -17"><span class='ocrx_word' id='word_1_137' title='bbox 155 2252 159 2258; x_wconf 93' lang='lat'>·</span> <span class='ocrx_word' id='word_1_138' title='bbox 241 2229 324 2304; x_wconf 92' lang='lat' dir='ltr'>quod</span> <span class='ocrx_word' id='word_1_139' title='bbox 337 2239 437 2288; x_wconf 88' lang='lat' dir='ltr'>manet</span> <span class='ocrx_word' id='word_1_140' title='bbox 451 2230 590 2286; x_wconf 87' lang='lat' dir='ltr'>intactum</span> <span class='ocrx_word' id='word_1_141' title='bbox 604 2247 702 2303; x_wconf 90' lang='lat' dir='ltr'>neque</span> <span class='ocrx_word' id='word_1_142' title='bbox 717 2228 753 2286; x_wconf 94' lang='lat' dir='ltr'>ab</span> <span class='ocrx_word' id='word_1_143' title='bbox 768 2228 827 2285; x_wconf 90' lang='lat' dir='ltr'>ictu</span> <span class='ocrx_word' id='word_1_144' title='bbox 843 2228 969 2303; x_wconf 88' lang='lat' dir='ltr'>fungitur</span> <span class='ocrx_word' id='word_1_145' title='bbox 982 2225 1083 2297; x_wconf 88' lang='lat' dir='ltr'>hilum,</span> 
     </span>
    </p>
   </div>
   <div class='ocr_carea' id='block_1_4' title="bbox 240 2319 1144 3188">
    <p class='ocr_par' dir='ltr' id='par_1_22' title="bbox 240 2319 917 2394">
     <span class='ocr_line' id='line_1_23' title="bbox 240 2319 917 2394; baseline -0.001 -18"><span class='ocrx_word' id='word_1_146' title='bbox 240 2329 290 2377; x_wconf 86' lang='lat' dir='ltr'>aut</span> <span class='ocrx_word' id='word_1_147' title='bbox 305 2320 393 2377; x_wconf 90' lang='lat' dir='ltr'>etiam</span> <span class='ocrx_word' id='word_1_148' title='bbox 407 2319 476 2394; x_wconf 90' lang='lat' dir='ltr'>quia</span> <span class='ocrx_word' id='word_1_149' title='bbox 488 2319 567 2376; x_wconf 89' lang='lat' dir='ltr'>nulla</span> <span class='ocrx_word' id='word_1_150' title='bbox 580 2319 638 2377; x_wconf 91' lang='lat' dir='ltr'>loci</span> <span class='ocrx_word' id='word_1_151' title='bbox 652 2319 684 2375; x_wconf 90' lang='lat' dir='ltr'>fit</span> <span class='ocrx_word' id='word_1_152' title='bbox 694 2319 783 2392; x_wconf 91' lang='lat' dir='ltr'>copia</span> <span class='ocrx_word' id='word_1_153' title='bbox 797 2319 917 2389; x_wconf 88' lang='lat' dir='ltr'>circum,</span> 
     </span>
    </p>

    <p class='ocr_par' dir='ltr' id='par_1_23' title="bbox 241 2407 1144 2572">
     <span class='ocr_line' id='line_1_24' title="bbox 241 2407 1144 2484; baseline -0.007 -17"><span class='ocrx_word' id='word_1_154' title='bbox 241 2427 301 2483; x_wconf 91' lang='lat' dir='ltr'>quo</span> <span class='ocrx_word' id='word_1_155' title='bbox 314 2410 397 2483; x_wconf 90' lang='lat' dir='ltr'>quasi</span> <span class='ocrx_word' id='word_1_156' title='bbox 410 2427 456 2467; x_wconf 92' lang='lat' dir='ltr'>res</span> <span class='ocrx_word' id='word_1_157' title='bbox 470 2409 584 2484; x_wconf 89' lang='lat' dir='ltr'>possint</span> <span class='ocrx_word' id='word_1_158' title='bbox 597 2407 750 2466; x_wconf 89' lang='lat' dir='ltr'>discedere</span> <span class='ocrx_word' id='word_1_159' title='bbox 765 2407 952 2482; x_wconf 90' lang='lat' dir='ltr'>dissoluique,</span> <span class='ocrx_word' id='word_1_160' title='bbox 1094 2411 1144 2476; x_wconf 86' lang='lat'>360</span> 
     </span>
     <span class='ocr_line' id='line_1_25' title="bbox 243 2500 1035 2572; baseline -0.003 -16"><span class='ocrx_word' id='word_1_161' title='bbox 243 2500 317 2558; x_wconf 89' lang='lat' dir='ltr'>sicut</span> <span class='ocrx_word' id='word_1_162' title='bbox 331 2518 511 2557; x_wconf 89' lang='lat' dir='ltr'>summarum</span> <span class='ocrx_word' id='word_1_163' title='bbox 524 2517 638 2557; x_wconf 88' lang='lat' dir='ltr'>summa</span> <span class='ocrx_word' id='word_1_164' title='bbox 652 2509 697 2556; x_wconf 90' lang='lat' dir='ltr'>est</span> <span class='ocrx_word' id='word_1_165' title='bbox 710 2507 829 2555; x_wconf 88' lang='lat' dir='ltr'>aeterna</span> <span class='ocrx_word' id='word_1_166' title='bbox 842 2515 939 2572; x_wconf 91' lang='lat' dir='ltr'>neque</span> <span class='ocrx_word' id='word_1_167' title='bbox 954 2506 1035 2554; x_wconf 89' lang='lat' dir='ltr'>extra</span> 
     </span>
    </p>

    <p class='ocr_par' dir='ltr' id='par_1_24' title="bbox 241 2589 1097 2755">
     <span class='ocr_line' id='line_1_26' title="bbox 243 2589 1097 2665; baseline -0.004 -18"><span class='ocrx_word' id='word_1_168' title='bbox 243 2591 293 2664; x_wconf 91' lang='lat' dir='ltr'>qui</span> <span class='ocrx_word' id='word_1_169' title='bbox 307 2591 390 2648; x_wconf 92' lang='lat' dir='ltr'>locus</span> <span class='ocrx_word' id='word_1_170' title='bbox 405 2599 449 2648; x_wconf 92' lang='lat' dir='ltr'>est</span> <span class='ocrx_word' id='word_1_171' title='bbox 462 2607 523 2665; x_wconf 91' lang='lat' dir='ltr'>quo</span> <span class='ocrx_word' id='word_1_172' title='bbox 537 2589 677 2647; x_wconf 89' lang='lat' dir='ltr'>dissiliant</span> <span class='ocrx_word' id='word_1_173' title='bbox 691 2607 788 2662; x_wconf 90' lang='lat' dir='ltr'>neque</span> <span class='ocrx_word' id='word_1_174' title='bbox 803 2607 927 2662; x_wconf 87' lang='lat' dir='ltr'>corpora</span> <span class='ocrx_word' id='word_1_175' title='bbox 940 2597 1008 2646; x_wconf 88' lang='lat' dir='ltr'>sunt</span> <span class='ocrx_word' id='word_1_176' title='bbox 1021 2604 1097 2662; x_wconf 90' lang='lat' dir='ltr'>quae</span> 
     </span>
     <span class='ocr_line' id='line_1_27' title="bbox 241 2678 929 2755; baseline -0.004 -17"><span class='ocrx_word' id='word_1_177' title='bbox 241 2680 355 2755; x_wconf 91' lang='lat' dir='ltr'>possint</span> <span class='ocrx_word' id='word_1_178' title='bbox 369 2679 499 2737; x_wconf 89' lang='lat' dir='ltr'>incidere</span> <span class='ocrx_word' id='word_1_179' title='bbox 512 2689 542 2738; x_wconf 89' lang='lat' dir='ltr'>et</span> <span class='ocrx_word' id='word_1_180' title='bbox 555 2678 652 2736; x_wconf 89' lang='lat' dir='ltr'>valida</span> <span class='ocrx_word' id='word_1_181' title='bbox 665 2678 822 2738; x_wconf 90' lang='lat' dir='ltr'>dissolvere</span> <span class='ocrx_word' id='word_1_182' title='bbox 836 2679 929 2753; x_wconf 86' lang='lat' dir='ltr'>plaga.</span> 
     </span>
    </p>

    <p class='ocr_par' dir='ltr' id='par_1_25' title="bbox 240 2765 1143 3115">
     <span class='ocr_line' id='line_1_28' title="bbox 242 2765 1013 2845; baseline -0.003 -19"><span class='ocrx_word' id='word_1_183' title='bbox 242 2779 272 2827; x_wconf 91' lang='lat' dir='ltr'>at</span> <span class='ocrx_word' id='word_1_184' title='bbox 285 2788 392 2845; x_wconf 91' lang='lat' dir='ltr'>neque,</span> <span class='ocrx_word' id='word_1_185' title='bbox 407 2770 450 2827; x_wconf 92' lang='lat' dir='ltr'>uti</span> <span class='ocrx_word' id='word_1_186' title='bbox 464 2769 562 2840; x_wconf 91' lang='lat' dir='ltr'>docui,</span> <span class='ocrx_word' id='word_1_187' title='bbox 577 2768 672 2827; x_wconf 92' lang='lat' dir='ltr'>solido</span> <span class='ocrx_word' id='word_1_188' title='bbox 687 2787 755 2826; x_wconf 94' lang='lat' dir='ltr'>cum</span> <span class='ocrx_word' id='word_1_189' title='bbox 770 2785 894 2842; x_wconf 92' lang='lat' dir='ltr'>corpore</span> <span class='ocrx_word' id='word_1_190' title='bbox 909 2765 1013 2824; x_wconf 91' lang='lat' dir='ltr'>mundi</span> 
     </span>
     <span class='ocr_line' id='line_1_29' title="bbox 240 2859 1143 2935; baseline -0.004 -17"><span class='ocrx_word' id='word_1_191' title='bbox 240 2870 376 2930; x_wconf 87' lang='lat' dir='ltr'>naturast,</span> <span class='ocrx_word' id='word_1_192' title='bbox 391 2860 531 2935; x_wconf 90' lang='lat' dir='ltr'>quoniam</span> <span class='ocrx_word' id='word_1_193' title='bbox 543 2859 734 2917; x_wconf 89' lang='lat' dir='ltr'>admixtumst</span> <span class='ocrx_word' id='word_1_194' title='bbox 747 2859 777 2916; x_wconf 88' lang='lat' dir='ltr'>in</span> <span class='ocrx_word' id='word_1_195' title='bbox 791 2859 876 2917; x_wconf 92' lang='lat' dir='ltr'>rebus</span> <span class='ocrx_word' id='word_1_196' title='bbox 891 2859 986 2930; x_wconf 88' lang='lat' dir='ltr'>inane,</span> <span class='ocrx_word' id='word_1_197' title='bbox 1096 2863 1143 2928; x_wconf 80' lang='lat'>³65</span> 
     </span>
     <span class='ocr_line' id='line_1_30' title="bbox 240 2947 1118 3024; baseline -0.003 -16"><span class='ocrx_word' id='word_1_198' title='bbox 240 2968 297 3008; x_wconf 91' lang='lat' dir='ltr'>nec</span> <span class='ocrx_word' id='word_1_199' title='bbox 312 2961 412 3008; x_wconf 88' lang='lat' dir='ltr'>tamen</span> <span class='ocrx_word' id='word_1_200' title='bbox 425 2959 470 3008; x_wconf 90' lang='lat' dir='ltr'>est</span> <span class='ocrx_word' id='word_1_201' title='bbox 483 2959 516 3008; x_wconf 92' lang='lat' dir='ltr'>ut</span> <span class='ocrx_word' id='word_1_202' title='bbox 529 2950 624 3020; x_wconf 88' lang='lat' dir='ltr'>inane,</span> <span class='ocrx_word' id='word_1_203' title='bbox 639 2967 737 3024; x_wconf 91' lang='lat' dir='ltr'>neque</span> <span class='ocrx_word' id='word_1_204' title='bbox 752 2959 848 3008; x_wconf 87' lang='lat' dir='ltr'>autem</span> <span class='ocrx_word' id='word_1_205' title='bbox 864 2966 988 3023; x_wconf 89' lang='lat' dir='ltr'>corpora</span> <span class='ocrx_word' id='word_1_206' title='bbox 1003 2947 1118 3017; x_wconf 88' lang='lat' dir='ltr'>desunt,</span> 
     </span>
     <span class='ocr_line' id='line_1_31' title="bbox 241 3040 830 3115; baseline 0 -18"><span class='ocrx_word' id='word_1_207' title='bbox 241 3059 279 3098; x_wconf 90' lang='lat' dir='ltr'>ex</span> <span class='ocrx_word' id='word_1_208' title='bbox 293 3041 407 3098; x_wconf 88' lang='lat' dir='ltr'>infinito</span> <span class='ocrx_word' id='word_1_209' title='bbox 421 3057 497 3115; x_wconf 92' lang='lat' dir='ltr'>quae</span> <span class='ocrx_word' id='word_1_210' title='bbox 511 3040 624 3114; x_wconf 92' lang='lat' dir='ltr'>possint</span> <span class='ocrx_word' id='word_1_211' title='bbox 638 3041 712 3098; x_wconf 86' lang='lat' dir='ltr'>forte</span> <span class='ocrx_word' id='word_1_212' title='bbox 727 3049 830 3098; x_wconf 90' lang='lat' dir='ltr'>coorta</span> 
     </span>
    </p>

    <p class='ocr_par' dir='ltr' id='par_1_26' title="bbox 241 3130 1010 3188">
     <span class='ocr_line' id='line_1_32' title="bbox 241 3130 1010 3188; baseline -0.003 0"><span class='ocrx_word' id='word_1_213' title='bbox 241 3147 375 3188; x_wconf 89' lang='lat' dir='ltr'>corruere</span> <span class='ocrx_word' id='word_1_214' title='bbox 391 3130 467 3188; x_wconf 90' lang='lat' dir='ltr'>hanc</span> <span class='ocrx_word' id='word_1_215' title='bbox 481 3149 577 3188; x_wconf 89' lang='lat' dir='ltr'>rerum</span> <span class='ocrx_word' id='word_1_216' title='bbox 592 3131 719 3188; x_wconf 89' lang='lat' dir='ltr'>violento</span> <span class='ocrx_word' id='word_1_217' title='bbox 734 3130 848 3187; x_wconf 91' lang='lat' dir='ltr'>turbine</span> <span class='ocrx_word' id='word_1_218' title='bbox 863 3146 1010 3186; x_wconf 91' lang='lat' dir='ltr'>summam</span> 
     </span>
    </p>
   </div>
   <div class='ocr_carea' id='block_1_5' title="bbox 240 3208 1177 3568">
    <p class='ocr_par' dir='ltr' id='par_1_27' title="bbox 240 3208 1177 3568">
     <span class='ocr_line' id='line_1_33' title="bbox 240 3208 1168 3295; baseline -0.004 -17"><span class='ocrx_word' id='word_1_219' title='bbox 240 3230 291 3278; x_wconf 89' lang='lat' dir='ltr'>aut</span> <span class='ocrx_word' id='word_1_220' title='bbox 304 3220 390 3278; x_wconf 91' lang='lat' dir='ltr'>aliam</span> <span class='ocrx_word' id='word_1_221' title='bbox 403 3221 536 3295; x_wconf 90' lang='lat' dir='ltr'>quamvis</span> <span class='ocrx_word' id='word_1_222' title='bbox 550 3219 666 3277; x_wconf 89' lang='lat' dir='ltr'>cladem</span> <span class='ocrx_word' id='word_1_223' title='bbox 680 3208 825 3294; x_wconf 86' lang='lat' dir='ltr'>inportare</span> <span class='ocrx_word' id='word_1_224' title='bbox 840 3219 950 3294; x_wconf 91' lang='lat' dir='ltr'>pericli,</span> <span class='ocrx_word' id='word_1_225' title='bbox 1167 3269 1168 3274; x_wconf 73' lang='grc'>,</span> 
     </span>
     <span class='ocr_line' id='line_1_34' title="bbox 240 3308 1177 3386; baseline 0 -18"><span class='ocrx_word' id='word_1_226' title='bbox 240 3328 297 3368; x_wconf 90' lang='lat' dir='ltr'>nec</span> <span class='ocrx_word' id='word_1_227' title='bbox 311 3329 398 3384; x_wconf 90' lang='lat' dir='ltr'>porro</span> <span class='ocrx_word' id='word_1_228' title='bbox 413 3320 516 3368; x_wconf 89' lang='lat' dir='ltr'>natura</span> <span class='ocrx_word' id='word_1_229' title='bbox 529 3311 587 3368; x_wconf 91' lang='lat' dir='ltr'>loci</span> <span class='ocrx_word' id='word_1_230' title='bbox 602 3311 788 3386; x_wconf 88' lang='lat' dir='ltr'>spatiumque</span> <span class='ocrx_word' id='word_1_231' title='bbox 802 3308 940 3384; x_wconf 90' lang='lat' dir='ltr'>profundi</span> <span class='ocrx_word' id='word_1_232' title='bbox 1098 3326 1147 3378; x_wconf 85' lang='lat'>370</span> <span class='ocrx_word' id='word_1_233' title='bbox 1176 3349 1177 3354; x_wconf 22' lang='grc' dir='ltr'><strong><em>κ</em></strong></span> 
     </span>
     <span class='ocr_line' id='line_1_35' title="bbox 241 3398 1004 3476; baseline -0.003 -18"><span class='ocrx_word' id='word_1_234' title='bbox 241 3400 350 3472; x_wconf 89' lang='lat' dir='ltr'>deficit,</span> <span class='ocrx_word' id='word_1_235' title='bbox 365 3401 498 3476; x_wconf 87' lang='lat' dir='ltr'>exspargi</span> <span class='ocrx_word' id='word_1_236' title='bbox 512 3419 572 3475; x_wconf 95' lang='lat' dir='ltr'>quo</span> <span class='ocrx_word' id='word_1_237' title='bbox 586 3401 700 3475; x_wconf 90' lang='lat' dir='ltr'>possint</span> <span class='ocrx_word' id='word_1_238' title='bbox 714 3401 832 3458; x_wconf 90' lang='lat' dir='ltr'>moenia</span> <span class='ocrx_word' id='word_1_239' title='bbox 845 3398 958 3472; x_wconf 90' lang='lat' dir='ltr'>mundi,</span> <span class='ocrx_word' id='word_1_240' title='bbox 1002 3424 1004 3428; x_wconf 95' lang='lat'>·</span> 
     </span>
     <span class='ocr_line' id='line_1_36' title="bbox 241 3490 868 3568; baseline -0.002 -19"><span class='ocrx_word' id='word_1_241' title='bbox 241 3501 291 3550; x_wconf 90' lang='lat' dir='ltr'>aut</span> <span class='ocrx_word' id='word_1_242' title='bbox 304 3491 360 3549; x_wconf 90' lang='lat' dir='ltr'>alia</span> <span class='ocrx_word' id='word_1_243' title='bbox 373 3493 473 3568; x_wconf 90' lang='lat' dir='ltr'>quavis</span> <span class='ocrx_word' id='word_1_244' title='bbox 487 3500 611 3566; x_wconf 87' lang='lat' dir='ltr'>possunt</span> <span class='ocrx_word' id='word_1_245' title='bbox 623 3492 651 3549; x_wconf 92' lang='lat' dir='ltr'>vi</span> <span class='ocrx_word' id='word_1_246' title='bbox 665 3490 749 3566; x_wconf 77' lang='lat' dir='ltr'>puba</span> <span class='ocrx_word' id='word_1_247' title='bbox 763 3490 868 3566; x_wconf 88' lang='lat' dir='ltr'>perire.</span> 
     </span>
    </p>
   </div>
   <div class='ocr_carea' id='block_1_6' title="bbox 0 0 1400 4025">
    <p class='ocr_par' dir='ltr' id='par_1_28' title="bbox 0 0 1400 4025">
     <span class='ocr_line' id='line_1_37' title="bbox 0 0 1400 4025; baseline 0 1"><span class='ocrx_word' id='word_1_248' title='bbox 0 0 1400 4025; x_wconf 95' lang='lat' dir='ltr'> </span> 
     </span>
    </p>
   </div>
  </div>
 </body>
</html>
