2792 4025
230 262 284 333 v.]
455 261 511 313 ns
536 261 686 314 nauum
714 261 885 315 NATURA
1081 246 1141 327 167

230 418 351 477 alituum
365 436 453 494 porro
467 437 560 494 genus
575 419 626 477 alis
640 437 729 478 omne
743 419 877 479 videmus

229 508 320 567 fidere
335 519 365 567 et
378 529 396 567 a
408 510 506 585 pinnis
520 509 675 568 tremulum
689 524 789 585 petere
805 510 983 569 auxiliatum.
1078 532 1141 580 1040

229 599 353 675 proinde
368 611 470 675 putare
484 600 611 674 aliquem
626 610 688 657 tum
702 600 822 658 nomina
836 600 1016 660 distribuisse

229 691 315 749 rebus
330 699 360 747 et
373 689 443 747 inde
458 689 592 748 homines
607 689 744 749 didicisse
758 691 903 750 vocabula
916 691 1019 766 prima,

229 778 401 854 desiperest.
416 798 485 837 nam
499 798 551 838 cur
565 780 613 837 hic
628 790 728 855 posset
742 790 850 838 cuncta
863 792 965 840 notare

229 870 351 929 vocibus
366 878 396 929 et
409 870 504 927 varios
518 871 629 928 sonitus
643 870 776 927 emittere
791 870 915 947 linguae,

229 968 364 1035 tempore
379 959 486 1018 eodem
501 960 549 1017 alii
563 960 659 1018 facere
670 958 701 1017 id
715 978 777 1019 non
788 962 885 1036 quisse
900 964 1059 1038 putentur?
1075 980 1135 1033 1045

229 1059 382 1126 praeterea
394 1051 419 1108 si
432 1068 494 1107 non
507 1050 555 1107 alii
569 1067 688 1124 quoque
703 1052 824 1111 vocibus
839 1054 884 1111 usi

230 1141 306 1199 inter
319 1157 351 1199 se
365 1141 487 1211 fuerant,
502 1139 582 1198 unde
597 1140 684 1198 insita
697 1141 816 1201 notities
830 1152 874 1201 est

228 1232 358 1289 utilitatis
374 1241 405 1290 et
417 1230 498 1288 unde
512 1229 582 1288 data
595 1239 640 1288 est
653 1230 722 1288 huic
736 1232 829 1307 prima
842 1244 982 1309 potestas,

229 1323 302 1400 quid
314 1324 402 1382 vellet
415 1324 511 1381 lacere
524 1332 558 1382 ut
572 1324 659 1382 sciret
671 1325 830 1400 animoque
844 1325 978 1385 videret?

229 1432 335 1489 cogere
350 1415 420 1472 item
434 1414 523 1489 plun‘s
537 1433 612 1472 unus
626 1414 777 1490 victosque
792 1414 913 1473 domare
1074 1434 1138 1486 1050

228 1523 290 1563 non
303 1514 425 1580 poterat,
440 1524 536 1563 rerum
551 1515 582 1564 ut
595 1505 762 1581 perdiscere
776 1506 899 1564 nomina
911 1505 1028 1565 vellent.

228 1613 285 1653 nec
298 1596 410 1654 ratione
424 1595 533 1653 docere
548 1596 605 1654 ulla
618 1596 801 1672 suadereque
815 1595 918 1667 surdis,
1041 1594 1070 1609 ²*

228 1684 300 1761 quid
314 1687 350 1744 sit
363 1705 439 1762 opus
452 1687 539 1758 facto,
554 1687 684 1759 facilest,
705 1705 803 1761 neque
818 1687 897 1745 enim
911 1695 1081 1761 paterentur

228 1794 285 1835 nec
298 1776 410 1835 ratione
425 1777 482 1834 ulla
495 1777 549 1835 sibi
563 1777 669 1835 ferrent
682 1777 807 1852 amplius
821 1778 897 1835 auris

227 1868 309 1926 vocis
323 1867 471 1925 inauditos
485 1866 597 1925 sonitus
610 1866 774 1925 obtundere
789 1866 900 1925 frustra.
1073 1884 1117 1936 105
1121 1882 1136 1937 ς

228 1966 379 2034 postremo
393 1956 465 2032 quid
479 1957 510 2014 in
524 1956 579 2014 hae
593 1957 723 2016 mirabile
738 1966 918 2033 tantoperest
931 1974 975 2030 re,

229 2049 253 2106 si
266 2067 358 2123 genus
372 2047 542 2118 humanum,
557 2048 605 2104 cui
618 2067 676 2106 vox
690 2056 720 2105 et
733 2048 831 2123 lingua
844 2049 964 2123 vigeret,

229 2156 284 2214 pro
298 2138 377 2196 vario
390 2156 478 2195 sensu
491 2137 570 2194 varia
582 2155 628 2194 res
641 2154 714 2194 voce
729 2139 865 2195 notaret?

229 2247 298 2287 cum
312 2226 443 2304 pecudes
457 2237 564 2298 mutae,
579 2245 647 2284 cum
662 2226 791 2301 denique
807 2228 906 2285 saecla
918 2228 1043 2287 serarum

230 2319 375 2378 dissimilis
390 2318 502 2376 soleant
516 2335 606 2375 voces
619 2318 769 2392 variasque
784 2318 871 2388 ciere,
1075 2321 1138 2374 1060

230 2429 299 2469 cum
314 2419 409 2468 metus
423 2417 472 2467 aut
487 2407 571 2466 dolor
585 2418 629 2466 est
644 2416 754 2466 etcum
770 2408 828 2466 iam
842 2407 948 2484 gaudia
961 2408 1096 2483 gliscunt.

230 2502 340 2576 quippe
355 2500 464 2558 etenim
478 2499 545 2557 licet
560 2498 590 2557 id
603 2499 691 2557 rebus
708 2515 885 2574 cognoscere
900 2499 1017 2574 apertis.

230 2592 345 2651 inritata
359 2609 465 2649 canum
480 2608 548 2648 cum
564 2590 689 2665 primum
705 2607 811 2664 magna
825 2588 992 2646 Molossum

230 2683 328 2740 mollia
340 2682 414 2740 ricta
427 2681 553 2738 fremunt
567 2679 655 2738 duros
669 2678 812 2736 nudantia
826 2677 941 2750 dentes,

230 2772 318 2849 longe
332 2772 388 2830 alio
403 2771 500 2829 sonitu
514 2770 593 2828 rabie
607 2770 738 2828 restricta
752 2770 908 2840 minantur,
1074 2775 1136 2840 1065

232 2872 261 2920 et
275 2881 343 2920 cum
358 2862 416 2920 iam
430 2862 534 2919 latrant
548 2870 578 2918 et
592 2861 713 2918 vocibus
728 2860 829 2918 omnia
841 2860 1000 2935 complent.

231 2962 262 3010 et
275 2953 385 3010 catulos
399 2951 506 3009 blande
521 2969 589 3008 cum
603 2951 701 3024 lingua
715 2950 843 3008 lambere
858 2958 1003 3025 temptant

231 3052 281 3100 aut
294 3043 344 3101 ubi
359 3060 410 3099 eos
424 3042 532 3099 iactant
546 3040 671 3115 pedibus
686 3057 843 3115 morsuque
858 3049 994 3114 petentes

232 3132 378 3208 suspensis
391 3142 508 3189 teneros
522 3131 670 3188 imitantur
683 3129 819 3188 dentibus
834 3129 962 3201 haustus,

231 3223 319 3298 longe
333 3222 391 3279 alio
405 3231 492 3296 pacto
506 3222 626 3295 gannitu
641 3219 721 3278 vocis
736 3219 864 3291 adulant,
1076 3238 1138 3285 1070

232 3324 261 3372 et
275 3331 342 3370 cum
357 3311 464 3369 deserti
478 3311 641 3369 baubantur
655 3311 683 3368 in
700 3310 822 3368 aedibus
835 3318 885 3367 aut
899 3327 968 3367 cum

230 3403 371 3479 plorantis
385 3402 497 3477 fugiunt
511 3402 665 3481 summisso
680 3418 803 3476 corpore
817 3400 926 3475 plagas.
979 3415 1007 3454 r«
1022 3428 1032 3452 0
1045 3429 1053 3450 ι
1066 3425 1090 3454 u
1110 3373 1148 3456 lc

232 3492 360 3569 denique
374 3509 437 3551 non
451 3492 580 3550 hinnitus
594 3492 665 3549 item
679 3489 793 3549 differre
807 3489 932 3562 videtur,
