2792 4025
278 266 319 348 56
609 278 842 334 LUCRETIUS
1122 276 1177 349 [ΙΙ.

275 443 416 500 continuo
431 442 488 500 hoc
502 459 580 500 mors
594 450 638 499 est
652 441 726 499 illius
740 439 822 516 quod
835 440 980 500 mirante.

274 532 399 608 proinde
414 534 513 591 colore
528 551 598 590 cave
613 533 766 606 contingas
780 532 893 590 semina
906 550 1012 604 rerum,
1130 549 1178 603 755

274 641 313 680 ne
327 624 380 681 tibi
394 641 439 681 res
453 623 574 680 redeant
587 621 626 680 ad
640 623 732 680 nilum
746 622 876 679 funditus
890 640 1003 680 omnes.

316 717 469 773 Praeterea
483 717 506 773 si
520 715 597 773 nulla
610 716 716 773 coloris
730 716 879 790 principiis
894 725 938 773 est

273 805 389 862 reddita
403 815 504 864 natura
517 815 547 863 et
560 806 643 865 variis
658 815 726 862 sunt
739 805 872 880 praedita
885 805 995 877 formis

274 913 291 952 e
306 896 410 970 quibus
425 915 512 954 omne
526 914 617 971 genus
631 896 753 971 gignunt
766 896 935 971 variantque
950 896 1064 954 colores

274 996 436 1060 propterea,
452 988 548 1061 magni
563 985 644 1060 quod
658 986 745 1044 refert
757 987 871 1044 semina
884 1003 1020 1062 quaeque
1130 955 1196 1051 760⁰

274 1095 342 1132 cum
357 1077 462 1150 quibus
476 1087 505 1134 et
519 1077 596 1150 quali
611 1077 741 1151 positura
755 1077 961 1134 contineantur

273 1175 303 1223 et
317 1185 391 1241 quos
405 1167 480 1225 inter
493 1185 524 1224 se
539 1166 611 1224 dent
625 1177 723 1224 motus
737 1167 952 1241 accipiantque,

272 1257 407 1332 perfacile
423 1258 570 1332 extemplo
585 1257 728 1315 rationem
741 1257 866 1314 reddere
880 1257 975 1332 possis

272 1365 324 1404 cur
338 1365 461 1421 eaquae
477 1349 558 1422 nigro
573 1348 678 1404 suerint
692 1348 781 1422 paulo
795 1357 863 1404 ante
878 1348 986 1419 colore,

271 1456 436 1496 marmoreo
450 1439 511 1495 fieri
526 1439 638 1512 possint
652 1436 781 1496 candore
795 1448 915 1513 repente
927 1458 936 1510 ;
1126 1444 1175 1510 765

271 1537 304 1585 ut
318 1547 405 1599 mare,
421 1547 489 1586 cum
504 1529 601 1603 magni
616 1537 802 1585 commorunt
815 1546 944 1602 aequora
956 1527 1044 1600 venti,

270 1625 391 1682 vertitur
404 1625 433 1681 in
448 1642 537 1682 canos
552 1623 690 1682 candenti
705 1643 848 1683 marmore
864 1625 987 1695 fluetus;

271 1714 370 1772 dicere
385 1715 463 1772 enim
477 1715 580 1789 possis,
596 1715 711 1789 nigrum
724 1714 806 1790 quod
820 1733 909 1790 saepe
922 1714 1065 1788 videmus,

270 1806 405 1862 materies
420 1805 470 1862 ubi
484 1805 626 1878 permixta
641 1814 685 1862 est
699 1806 773 1864 illius
787 1814 817 1863 et
830 1805 904 1864 ordo

270 1895 419 1970 principiis
433 1905 559 1952 mutatus
573 1904 603 1953 et
617 1895 719 1953 addita
732 1896 912 1971 demptaque
927 1893 1082 1969 quaedam,
1125 1915 1176 1964 770

270 1986 410 2044 continuo
425 1984 455 2044 id
469 1985 531 2044 fieri
545 1995 577 2044 ut
590 1986 722 2045 candens
735 1985 869 2045 videatur
882 1996 912 2044 et
926 1985 1035 2046 album.

269 2076 352 2152 quod
366 2077 390 2134 si
404 2078 542 2135 caeruleis
556 2087 724 2136 constarent
738 2096 867 2152 aequora
879 2078 964 2152 ponti

269 2168 437 2240 seminibus,
452 2168 531 2225 nullo
545 2179 666 2243 possent
679 2171 827 2227 albescere
844 2177 952 2243 pact03

268 2276 337 2318 nam
352 2276 539 2333 quocumque
554 2259 646 2317 modo
660 2261 812 2334 perturbes
826 2260 942 2316 caerula
955 2276 1031 2332 quae
1045 2258 1112 2329 sint,

267 2367 428 2423 numquam
443 2348 473 2406 in
486 2368 682 2407 marmoreum
696 2358 819 2423 possunt
833 2351 955 2424 migrare
969 2350 1107 2408 colorem.
1125 2366 1172 2420 775

267 2440 312 2496 sin
327 2439 383 2496 alio
398 2449 485 2513 atque
499 2439 555 2497 alio
570 2450 637 2497 sunt
651 2441 764 2497 semina
779 2440 870 2497 tincta
883 2440 982 2496 colore

267 2547 343 2604 quae
357 2530 443 2587 maris
459 2530 588 2587 efficiunt
602 2548 695 2586 unum
710 2517 875 2603 purumque
890 2529 1025 2602 nitorem,

266 2627 299 2675 ut
313 2637 401 2694 saepe
416 2637 453 2676 ex
468 2620 529 2677 aliis
543 2620 641 2678 formis
656 2621 799 2695 variisque
814 2620 912 2694 figuris
1022 2626 1025 2629 ’

266 2709 390 2766 efficitur
403 2708 545 2784 quiddam
560 2709 734 2785 quadratum
749 2728 865 2784 unaque
879 2711 980 2784 figura,

265 2800 468 2870 conveniebat,
482 2810 515 2857 ut
529 2800 559 2857 in
573 2799 716 2874 quadrato
731 2801 875 2858 cernimus
890 2817 954 2858 esse
1124 2808 1172 2867 780

265 2887 418 2947 dissimiles
431 2889 548 2960 formas
563 2890 603 2947 ita
617 2908 736 2947 cernere
751 2891 781 2947 in
796 2908 923 2964 aequore
938 2890 1022 2965 ponti

264 2988 315 3037 aut
329 2979 386 3037 alio
400 2979 431 3037 in
444 2980 547 3055 quovis
561 2998 622 3037 uno
636 2998 769 3054 puroque
783 2981 878 3039 nitore

264 3068 418 3128 dissimiles
431 3070 519 3145 longe
534 3069 609 3128 inter
622 3089 653 3127 se
668 3072 822 3145 variosque
836 3071 959 3130 colores

263 3170 415 3237 praeterea
428 3161 468 3219 nil
482 3160 613 3219 officiunt
628 3161 804 3235 obstantque
818 3161 929 3236 figurae

263 3250 417 3315 dissimiles
431 3270 492 3327 quo
506 3249 681 3325 quadratum
694 3252 791 3309 minus
805 3269 894 3308 omne
908 3252 945 3308 sit
958 3259 1040 3309 extra
1048 3271 1058 3324 ;
1122 3256 1168 3323 785

262 3352 293 3399 at
307 3343 377 3400 varii
390 3360 487 3401 rerum
501 3340 656 3416 inpediunt
670 3341 886 3417 prohibentque
900 3342 1015 3400 colores

263 3434 420 3510 quominus
435 3450 499 3491 esse
513 3451 574 3489 uno
589 3433 680 3507 possit
693 3451 740 3489 res
753 3441 817 3490 tota
829 3433 932 3491 nitore.

302 3524 382 3583 Tum
394 3541 482 3599 porro
497 3541 573 3597 quae
589 3521 669 3580 ducit
684 3532 714 3581 et
728 3523 819 3582 inlicit
832 3533 865 3583 ut
878 3524 1038 3583 tribuamus

1384 1888 1386 1967 l
