2792 4025
247 233 295 303 V.]
399 234 454 286 DE
480 234 626 288 RERUM
655 235 827 289 NATURA
1091 238 1147 304 171

245 393 426 469 fortunisque
441 393 509 452 ideo
523 395 610 469 longe
623 404 769 470 praestare
783 396 934 472 putabant,

246 483 328 558 quod
343 485 441 542 mortis
455 486 542 542 timor
556 486 626 544 haut
636 505 814 562 quemquam
827 496 945 545 vexaret
959 506 1070 561 eorum,
1087 497 1151 547 1180

245 583 275 631 et
289 575 373 632 simul
387 576 417 632 in
431 576 539 633 somnis
554 577 623 651 quia
636 577 727 634 multa
740 587 770 635 et
784 578 857 635 mira
870 577 1009 637 videbant

245 664 360 722 efficere
375 675 405 723 et
419 666 530 723 nullum
544 685 649 741 capere
663 668 743 742 ipsos
757 667 827 726 inde
842 668 982 729 laborem.

244 764 395 829 praeterea
407 755 480 814 caeli
493 756 619 815 rationes
633 756 737 815 ordine
751 767 833 815 certo

244 854 275 902 et
287 846 365 903 varia
378 864 522 905 annorum
537 848 695 906 cernebant
710 858 844 923 tempora
856 850 928 908 verti

243 953 300 992 nec
314 945 450 1011 poterant
463 937 568 1012 quibus
582 937 614 995 id
627 939 711 996 fieret
724 956 904 1014 cognoscere
919 939 1023 1000 causis
1087 947 1150 1012 1185

244 1042 314 1100 ergo
327 1026 490 1102 perfugium
504 1028 560 1085 sibi
573 1027 721 1086 habebant
735 1031 835 1087 omnia
848 1028 921 1088 divis

243 1115 357 1174 tradere
372 1125 401 1173 et
415 1117 528 1175 illorum
543 1126 614 1175 nutu
630 1119 725 1178 facere
740 1120 840 1178 omnia
854 1120 942 1179 flecti.

242 1206 273 1263 in
287 1207 428 1281 caeloque
443 1205 533 1264 deum
547 1207 633 1267 sedes
647 1218 677 1267 et
690 1210 800 1284 templa
813 1211 954 1281 locarunt,

242 1313 296 1371 per
309 1297 424 1355 caelum
437 1297 514 1355 volvi
528 1299 597 1373 quia
609 1317 669 1357 nox
682 1309 713 1357 et
726 1300 795 1357 luna
808 1300 930 1371 videtur,

242 1386 312 1443 luna
325 1386 389 1444 dies
404 1396 434 1445 et
447 1406 507 1445 nox
522 1399 552 1447 et
564 1391 660 1447 noctis
674 1390 757 1465 signa
771 1408 872 1448 severa
1087 1412 1150 1464 1190

243 1477 479 1554 noctivagaeque
493 1479 571 1537 faces
586 1480 660 1537 caeli
674 1480 869 1555 flammaeque
883 1481 1024 1554 volantes,

245 1566 344 1625 nubila
358 1568 401 1625 sol
416 1569 522 1629 imbres
536 1570 587 1627 nix
600 1571 680 1628 venti
693 1571 814 1628 fulmina
827 1569 940 1646 grando

245 1667 275 1715 et
288 1657 380 1733 rapidi
394 1659 523 1717 fremitus
538 1670 567 1717 et
582 1679 729 1717 murmura
743 1680 850 1737 magna
864 1660 1016 1720 minarum.

283 1748 312 1806 Ο
325 1767 417 1823 genus
431 1750 530 1807 infelix
543 1751 714 1821 humanum,
732 1752 801 1809 talia
814 1750 888 1809 divis

243 1855 311 1895 cum
327 1840 424 1898 tribuit
439 1840 515 1898 facta
528 1851 615 1915 atque
629 1842 685 1899 iras
700 1841 833 1899 adiunxit
846 1842 985 1900 acerbas!
1087 1860 1150 1914 1¹95

243 1939 368 2002 quantos
382 1939 445 1987 tum
459 1932 583 2005 gemitus
597 1932 652 2005 ipsi
665 1932 729 2003 sibi,
744 1942 912 2006 quantaque
927 1932 1012 1990 nobis

242 2018 369 2090 volnera,
384 2038 457 2095 quas
471 2021 601 2079 lacrimas
616 2040 755 2097 peperere
771 2023 925 2082 minoribu’
940 2022 1044 2082 nostris
1057 2024 1064 2082 l

243 2126 300 2165 nec
314 2110 407 2182 pietas
421 2111 504 2168 ullast
517 2111 644 2169 velatum
659 2130 747 2186 saepe
762 2111 853 2170 videri

242 2199 347 2256 vertier
360 2198 399 2256 ad
412 2199 541 2275 lapidem
555 2211 643 2275 atque
658 2203 753 2260 omnis
767 2201 909 2260 accedere
925 2201 963 2260 ad
977 2221 1040 2260 aras

243 2307 300 2345 nec
311 2291 503 2364 procumbere
515 2290 596 2348 humi
607 2301 782 2365 prostratum
792 2300 821 2348 et
827 2291 957 2366 pandere
966 2292 1077 2367 palmas
1085 2313 1098 2348 r
1104 2313 1151 2349 200

243 2390 311 2436 ante
325 2377 415 2437 deum
429 2379 550 2441 delubra
562 2399 619 2439 nec
634 2400 697 2439 aras
711 2382 851 2456 sanguine
866 2383 958 2440 multo

244 2487 379 2544 spargere
393 2469 619 2546 quadrupedum
632 2490 688 2529 nec
703 2472 777 2536 votis
792 2481 909 2529 nectere
923 2481 1000 2543 vota,

243 2557 297 2616 sed
311 2578 396 2635 mage
411 2571 516 2636 pacata
529 2579 616 2636 posse
631 2563 731 2620 omnia
745 2572 842 2620 mente
857 2562 940 2620 tueri.

243 2667 313 2706 nam
327 2669 395 2708 cum
410 2653 584 2726 suspicimus
598 2653 695 2727 magni
710 2652 847 2710 caelestia
860 2651 964 2710 mundi

243 2740 362 2815 templa,
377 2760 464 2816 super
478 2743 625 2816 stellisque
640 2743 816 2800 micantibus
830 2742 949 2800 aethera
963 2743 1063 2814 fixum,
1088 2760 1149 2814 1205

244 2838 274 2886 et
286 2831 365 2888 venit
379 2832 410 2889 in
424 2842 552 2890 mentem
568 2833 635 2890 solis
649 2833 793 2907 lunaeque
807 2832 928 2905 viarum,

244 2927 314 2976 tunc
330 2921 389 2979 aliis
405 2940 545 2998 oppressa
558 2923 640 2980 malis
655 2924 684 2980 in
700 2933 821 2997 pectora
834 2941 904 2981 cura

245 3009 292 3066 illa
305 3029 423 3086 quoque
439 3013 676 3088 expergefactum
691 3023 781 3088 caput
796 3013 904 3087 erigere
919 3013 991 3084 infit,

244 3117 360 3174 nequae
375 3101 448 3159 sorte
463 3102 552 3160 deum
566 3103 652 3161 nobis
667 3103 801 3161 inmensa
814 3112 944 3178 potestas

244 3190 290 3261 sit,
305 3192 384 3249 vario
399 3203 480 3251 motu
494 3211 570 3268 quae
584 3192 712 3251 candida
725 3192 821 3251 sidera
834 3203 938 3251 verset.
1089 3212 1151 3248 1210

244 3289 369 3356 temptat
382 3284 460 3341 enim
476 3282 595 3342 dubiam
609 3293 740 3341 mentem
754 3284 873 3342 rationis
887 3293 1011 3359 egestas,

245 3387 428 3446 ecquaenam
443 3373 527 3432 fuerit
541 3373 644 3432 mundi
657 3375 789 3449 genitalis
803 3373 895 3448 orig0‚

244 3470 275 3521 et
285 3463 371 3521 simul
385 3482 496 3539 ecquae
511 3465 548 3522 sit
561 3464 635 3536 finis,
650 3464 750 3540 quoad
764 3465 883 3523 moenia
896 3462 999 3522 mundi
