2792 4025
252 242 313 308 194
566 238 797 292 LUCRETIUS
1084 237 1152 307 [Vl.

246 400 299 459 sed
313 417 434 458 vemens
447 399 541 458 imber
553 399 595 472 fit,
609 399 660 458 ubi
673 408 825 458 vementer
837 407 960 473 utraque

244 492 344 550 nubila
357 492 385 549 vi
399 491 545 548 cumulata
557 501 729 566 premuntur
743 501 772 548 et
786 491 894 565 impete
908 490 996 549 venti.

244 594 332 657 atque
347 592 447 639 tenere
461 581 511 638 diu
526 582 641 656 pluviae
656 581 836 656 longumque
852 582 958 639 morari

244 680 431 742 consuerunt,
446 671 497 729 ubi
511 672 602 729 multa
616 672 729 728 cientur
743 672 855 729 semina
869 690 1010 746 aquarum
1101 688 1150 741 5²0

244 773 332 837 atque
345 763 407 819 aliis
421 763 495 819 aliae
508 762 602 819 nubes
617 763 768 835 nimbique
782 762 909 836 rigantes

242 855 361 928 insuper
373 863 462 927 atque
476 852 558 910 omni
570 852 658 927 vulgo
672 851 710 909 de
725 862 807 927 parte
822 852 960 924 seruntur,

243 954 375 1018 terraque
391 962 460 1001 cum
474 944 588 1000 fumans
601 960 736 1001 umorem
751 952 813 1000 tota
825 941 966 1000 redhalat.

243 1033 291 1091 hic
305 1034 355 1093 ubi
370 1034 414 1092 sol
427 1033 514 1091 radiis
527 1042 734 1108 tempestatem
748 1033 823 1090 inter
836 1050 961 1107 opacam

242 1124 364 1183 adversa
377 1126 454 1183 fulsit
466 1124 633 1182 nimborum
647 1124 799 1199 aspargine
814 1133 925 1195 contra,
1100 1139 1148 1193 525

242 1226 305 1275 tum
320 1217 402 1274 color
416 1216 445 1274 in
459 1216 546 1290 nigris
560 1214 656 1272 existit
668 1216 795 1273 nubibus
809 1216 900 1289 arqui.

283 1308 389 1365 Cetera
403 1324 479 1381 quae
493 1324 606 1363 sorsum
620 1314 755 1363 crescunt
769 1322 941 1378 sorsumque
955 1312 1097 1378 creantur,

241 1404 272 1455 et
285 1415 361 1471 quae
376 1406 569 1454 concrescunt
583 1396 613 1452 in
627 1395 762 1467 nubibus,
777 1396 885 1465 omnia,
901 1412 1033 1469 prorsum

241 1488 350 1559 omnia,
365 1488 415 1544 nix
428 1487 506 1544 venti
520 1485 632 1561 grando
646 1485 820 1560 gelidaeque
835 1486 956 1560 pruinae

241 1586 271 1635 et
284 1577 326 1635 vis
340 1596 446 1652 magna
459 1577 524 1652 geli,
540 1594 678 1651 magnum
692 1575 835 1634 duramen
850 1592 1000 1650 aquarum,
1098 1593 1148 1645 530

241 1678 271 1725 et
285 1686 368 1725 mora
382 1686 457 1742 quae
471 1667 572 1725 fluvios
586 1666 694 1741 passim
709 1667 835 1724 refrenat
849 1667 954 1736 euntis,

240 1758 406 1833 perfacilest
419 1768 518 1815 tamen
532 1757 606 1815 haee
619 1757 746 1832 reperire
761 1758 919 1831 animoque
933 1755 1033 1815 videre

240 1849 342 1906 omnia
355 1867 415 1923 quo
430 1859 518 1923 pacto
532 1848 604 1906 fiant
617 1865 744 1922 quareve
759 1858 905 1919 creentur,

240 1957 310 1996 cum
324 1938 400 1997 bene
415 1939 551 2015 cognoris
565 1938 717 1996 elementis
732 1936 847 1995 reddita
861 1955 937 2014 quae
951 1937 1018 1995 sint.

281 2031 372 2089 Nunc
386 2049 440 2106 age
456 2049 531 2104 quae
546 2029 620 2088 ratio
634 2030 719 2087 terrai
734 2029 861 2087 motibus
876 2037 956 2086 extet
1099 2045 1146 2098 535

239 2121 368 2196 percipe.
384 2131 413 2178 et
427 2121 570 2195 inprimis
585 2130 690 2177 terram
705 2120 751 2176 fac
765 2130 797 2176 ut
811 2137 874 2177 esse
888 2118 977 2176 rearis

240 2222 340 2287 supter
354 2212 424 2269 item
438 2220 470 2270 ut
484 2229 589 2286 supera
602 2209 731 2268 ventosis
746 2209 877 2285 undique
892 2209 1010 2284 plenam

240 2303 387 2378 speluncis
400 2303 565 2376 multosque
580 2301 660 2358 lacus
675 2299 840 2374 multasque
854 2300 976 2358 lucunas

239 2393 270 2450 in
284 2395 396 2468 gremio
410 2411 510 2468 gerere
524 2401 554 2449 et
567 2409 655 2466 rupes
670 2390 852 2465 deruptaque
868 2409 956 2460 saxa;

239 2484 390 2558 multaque
404 2484 459 2542 sub
472 2494 554 2558 tergo
569 2482 654 2540 terrai
669 2482 789 2539 flumina
803 2490 881 2538 tecta
1097 2496 1146 2550 540

238 2574 355 2633 volvere
370 2574 397 2631 vi
412 2574 515 2632 fluctus
530 2590 748 2646 summersaque
763 2590 833 2629 saxa
845 2569 1056 2646 putandumst;

238 2664 371 2740 undique
385 2665 464 2722 enim
478 2664 601 2722 similem
616 2681 679 2720 esse
694 2663 738 2720 sui
752 2681 798 2720 res
813 2663 940 2737 postulat
953 2663 1024 2738 ipsa.

239 2755 284 2813 his
298 2756 384 2831 igitur
397 2755 482 2812 rebus
496 2753 889 2828 subiunctissuppositisque

238 2855 314 2904 terra
328 2862 453 2920 superne
467 2845 563 2901 tremit
577 2845 689 2918 magnis
705 2861 848 2901 concussa
861 2843 960 2914 ruinis,

239 2937 339 2995 subter
352 2935 402 2993 ubi
417 2935 542 3010 ingentis
556 2934 710 3008 speluncas
725 2933 836 2991 subruit
849 2942 928 2991 aetas
940 2953 948 3005 3
1097 2947 1143 3002 545

238 3027 349 3103 quippe
364 3025 475 3084 cadunt
488 3026 542 3083 toti
557 3037 673 3083 montes
687 3042 853 3100 magnoque
869 3033 989 3100 repente

239 3136 387 3176 concussu
401 3117 457 3174 late
473 3116 639 3192 disserpunt
653 3115 723 3172 inde
737 3124 886 3172 tremores.

238 3217 270 3266 et
283 3209 398 3282 merito,
412 3208 552 3282 quoniam
566 3207 686 3282 plaustri
701 3223 845 3265 concussa
858 3212 1037 3262 tremescunt

236 3306 316 3356 tecta
329 3298 405 3357 viam
420 3309 541 3373 propter
554 3316 615 3354 non
629 3314 738 3370 magno
752 3294 884 3369 pondere
899 3305 969 3365 tota,

237 3406 294 3447 nec
309 3389 404 3446 minus
418 3388 556 3458 exultant,
571 3397 603 3444 ut
617 3404 738 3460 scrupus
752 3401 879 3458 cumque
893 3385 949 3442 viai
1097 3402 1145 3454 550

237 3480 358 3538 ferratos
372 3479 516 3552 utrimque
530 3487 657 3534 rotarum
671 3475 797 3533 succutit
810 3474 903 3532 orbes.
