2792 4025
256 249 319 311 208
590 260 822 315 Lucnrrrus
1093 260 1156 333 [vt

253 421 285 480 in
299 438 424 479 vacuum
437 420 573 497 prolapsa
585 418 696 479 cadunt
711 420 876 492 coniuncta,
891 420 924 479 fit
938 430 1029 497 utque

255 512 359 570 anulus
373 511 435 587 ipse
449 520 588 586 sequatur
600 519 707 585 eatque
721 510 762 569 ita
776 528 899 586 corpore
913 521 987 571 toto.

255 619 313 659 nec
327 619 372 659 res
386 601 445 658 ulla
457 601 548 675 magis
562 601 737 677 primoribus
752 619 789 659 ex
803 602 954 660 elementis

255 690 431 766 indupedita
444 691 503 749 suis
516 700 577 749 arte
591 708 706 749 conexa
719 691 858 749 cohaeret
1099 713 1163 750 1010

254 799 343 856 quam
357 780 445 839 validi
458 780 523 839 ferri
537 790 639 839 natura
652 792 682 839 et
696 781 815 856 frigidus
830 780 940 840 horror.

254 889 314 946 quo
328 871 424 929 miuus
439 880 484 929 est
496 871 611 942 mirum,
626 870 710 945 quod
724 870 802 943 dico,
817 870 882 929 ibus
896 890 933 929 ex
947 871 1108 947 elementis,

254 978 378 1035 corpora
392 961 416 1018 si
429 971 581 1035 nequeunt
595 978 612 1018 e
626 962 702 1019 ferro
715 962 798 1036 plura
811 972 915 1020 coorta

253 1050 285 1109 in
297 1069 423 1108 vacuum
437 1051 511 1121 ferri,
526 1051 597 1125 quin
611 1051 715 1108 anulus
729 1052 791 1126 ipse
806 1063 961 1127 sequatur;

254 1141 337 1215 quod
351 1140 428 1213 facit,
444 1151 474 1199 et
488 1142 626 1215 sequitur,
641 1140 739 1199 donec
754 1143 885 1217 pervenit
898 1142 938 1202 ad
953 1144 1048 1219 ipsum
1097 1161 1160 1216 1015

252 1227 312 1289 iam
325 1231 452 1307 lapidem
467 1232 622 1305 caecisque
636 1232 666 1289 in
680 1250 717 1291 eo
732 1234 924 1309 compagibus
939 1234 1039 1292 lra'esit.

254 1318 313 1380 hoc
326 1321 359 1379 fit
373 1320 453 1379 idem
467 1331 588 1379 cunctas
602 1321 633 1379 in
646 1322 744 1396 partis,
760 1323 839 1382 unde
854 1324 960 1382 vacefit

253 1428 383 1486 cumque
396 1416 489 1483 locus,
503 1412 563 1470 sive
578 1429 595 1469 e
609 1421 771 1471 transverso
786 1414 846 1471 sive
861 1431 987 1489 superne

253 1519 380 1576 corpora
393 1502 533 1560 continuo
548 1502 578 1559 in
592 1521 717 1560 vacuum
731 1503 827 1561 vicina
841 1504 980 1563 feruntur.

254 1592 365 1667 quippe
380 1592 524 1667 agitantur
537 1592 616 1649 enim
630 1593 722 1668 plagis
736 1591 854 1651 aliunde
868 1612 924 1652 nec
938 1595 1002 1670 ipsa
1098 1616 1162 1652 1020

254 1692 360 1756 sponte
375 1700 427 1739 sua
440 1699 552 1739 sursum
567 1692 690 1757 possunt
705 1701 881 1759 consurgere
895 1685 924 1743 in
940 1702 1032 1743 auras.

254 1770 312 1829 huc
327 1771 442 1830 accedit
455 1772 526 1830 item
546 1772 650 1847 (quare
664 1782 753 1847 queat
767 1773 799 1831 id
812 1775 904 1849 magis
919 1793 993 1846 esse,

254 1860 328 1919 haec
341 1879 461 1937 quoque
475 1880 521 1920 res
535 1861 706 1920 adiumento
721 1874 863 1939 motuque
877 1865 1003 1941 iuvatur)

254 1952 345 2028 quod,
361 1953 446 2010 simul
459 1971 477 2009 a
490 1952 585 2010 fronte
600 1963 644 2011 est
657 1954 743 2011 anelli
757 1955 846 2014 rarior
859 1958 910 2015 aer

253 2044 348 2102 factus
362 2043 546 2117 inanitusque
560 2044 642 2102 locus
656 2045 749 2120 magis
763 2063 798 2104 ac
813 2057 960 2118 vacuatus,
1098 2065 1159 2120 1025

254 2134 396 2192 continuo
410 2134 444 2191 fit
457 2133 498 2191 uti
512 2135 563 2208 qui
577 2145 645 2210 post
659 2145 704 2193 est
717 2153 845 2211 cumque
859 2137 971 2194 locatus

254 2225 305 2283 aer
318 2243 336 2282 a
349 2234 431 2300 tergo
446 2225 528 2299 quasi
542 2226 683 2301 provehat
696 2235 785 2300 atque
799 2229 950 2302 propellat.

254 2333 372 2391 semper
385 2315 464 2372 enim
478 2315 702 2391 circumpositus
716 2334 762 2374 res
775 2317 907 2375 verberat
921 2319 989 2390 aen

255 2405 309 2464 sed
323 2405 372 2462 tali
386 2407 418 2462 fit
432 2405 474 2462 uti
488 2407 631 2481 propellat
644 2417 778 2481 tempore
793 2408 908 2479 serrum,

253 2505 336 2573 parte
350 2495 432 2569 quod
447 2514 483 2553 ex
497 2515 555 2553 una
569 2498 694 2571 spatium
710 2506 792 2554 vacat
806 2508 836 2556 et
850 2504 928 2574 capit
943 2499 972 2556 iu
987 2515 1027 2556 se.
1098 2517 1161 2570 1030

254 2585 313 2659 hic,
327 2586 380 2643 tibi
394 2604 483 2660 quem
498 2605 640 2659 memoro,
655 2605 710 2662 per
723 2588 825 2645 crebra
839 2589 981 2646 foramina
995 2587 1061 2646 ferri

254 2693 357 2751 parvas
370 2674 410 2733 ad
424 2680 512 2750 partis
525 2678 666 2735 subtiliter
679 2677 838 2736 insinuatus

253 2765 345 2824 trudit
359 2776 389 2824 et
402 2766 521 2840 inpellit,
536 2768 617 2841 quasi
632 2785 736 2825 navem
752 2767 873 2842 velaque
889 2777 1000 2826 ventus

255 2855 384 2929 denique
397 2873 444 2912 res
458 2874 561 2914 omnes
576 2855 686 2916 debent
701 2859 729 2915 in
745 2876 868 2932 corpore
883 2859 991 2917 habere

255 2951 332 3016 aera,
347 2944 587 3020 quandoquidem
602 2966 666 3005 raro
681 2958 748 3006 sum
762 2966 886 3023 corpore
900 2959 930 3007 et
944 2950 994 3007 aEr
1098 2968 1159 3021 ¹035

255 3037 391 3094 omnibus
405 3046 449 3094 est
463 3037 549 3094 rebus
564 3037 759 3095 circumdatus
774 3038 995 3113 adpositusque.

256 3126 304 3182 hic
319 3126 412 3201 igitur,
427 3127 543 3201 penitus
557 3128 608 3201 qui
622 3127 652 3184 in
666 3127 768 3185 ferrost
782 3128 899 3187 abditus
912 3132 971 3201 aer,

255 3217 380 3274 sollicito
393 3226 476 3274 motu
490 3235 607 3292 semper
621 3219 742 3275 iactatur
756 3236 851 3293 eoque

255 3307 387 3363 verberat
401 3307 527 3364 anellum
541 3307 632 3364 dubio
646 3309 748 3382 procul
762 3317 791 3365 et
806 3307 864 3366 ciet
877 3309 953 3366 intus

257 3395 386 3454 scilicet:
409 3396 455 3452 ille
472 3395 579 3453 eodem
594 3398 682 3453 fertur
694 3415 755 3471 quo
768 3399 969 3472 praecipitavit
1099 3419 1159 3468 1040

257 3483 317 3542 iam
331 3485 422 3542 semel
436 3494 466 3542 et
479 3494 591 3560 partem
606 3486 636 3543 in
649 3504 771 3543 vacuam
785 3489 941 3548 conamina
955 3491 1086 3565 sumpsit.
