2792 4025
250 220 308 285 192
583 216 814 273 tucunrrus
1081 216 1149 289 [vr.

244 379 367 439 turbinis
382 378 531 437 inmanem
544 378 765 454 vimprovomit
779 388 867 454 atque
882 378 1036 454 procellae.

244 468 299 529 sed
313 470 381 545 quia
394 471 427 527 fit
439 488 504 528 raro
518 470 640 528 omnino
655 470 821 544 montisque
835 480 985 529 necessest

243 560 363 619 officere
377 560 407 617 in
421 560 511 631 terris,
525 570 646 635 apparet
659 560 786 617 crebrius
800 558 880 619 idem

243 661 403 727 prospectu
417 650 503 708 maris
516 650 547 707 in
561 668 668 725 magno
682 650 824 725 caeloque
839 650 959 726 patenti.
1102 669 1153 721 450

286 740 395 799 Nubila
407 750 612 812 concrescunt,
625 740 676 798 ubi
690 758 814 815 corpora
828 740 920 799 multa
932 739 1060 800 volando

245 830 303 889 hoc
317 848 424 905 supero
438 831 469 889 in
482 830 557 889 caeli
569 831 663 905 spatio
678 831 775 889 coiere
789 840 911 906 repente

246 921 401 996 asperiora,
416 921 505 977 moris
519 937 595 994 quae
608 920 722 994 possint
735 919 908 995 indupedita

245 1011 357 1086 exiguis
373 1019 472 1068 tamen
486 1010 561 1068 inter
574 1028 606 1067 se
620 1028 796 1085 comprensa
809 1012 911 1069 teneri.

245 1104 320 1161 haec
334 1103 443 1161 faciunt
456 1104 583 1177 primum
596 1120 698 1178 parvas
713 1103 872 1162 consistere
887 1104 1001 1175 nubes;
1103 1122 1134 1175 45
1138 1122 1151 1175 ς

245 1196 315 1254 inde
330 1196 404 1254 haec
420 1194 636 1269 comprendunt
650 1195 725 1253 inter
739 1213 770 1253 se
785 1214 902 1271 conque
916 1206 1073 1272 gregantur

246 1297 276 1345 et
290 1285 499 1361 coniungendo
513 1295 649 1343 crescunt
661 1286 814 1360 ventisque
828 1287 958 1345 seruntur

245 1376 430 1452 usqueadeo
445 1375 542 1434 donec
557 1386 715 1451 tempestas
729 1395 815 1435 saeva
828 1388 965 1436 coortast.

246 1468 279 1525 fit
292 1485 411 1542 quoque
425 1466 467 1524 uti
481 1466 590 1524 montis
603 1467 700 1525 vicina
713 1468 868 1526 cacumina
882 1468 965 1527 caelo

246 1576 336 1633 quam
349 1558 407 1615 sint
420 1574 540 1631 quoque
554 1557 655 1632 magis,
670 1568 753 1615 tanto
768 1558 860 1633 magis
874 1558 954 1617 edita
968 1558 1082 1619 fument
1104 1564 1153 1627 460

246 1646 369 1706 adsidue
384 1647 481 1705 furvae
496 1648 583 1706 nubis
596 1647 721 1723 caligine
736 1667 833 1707 crassa

246 1748 403 1813 propterea
416 1738 494 1811 quia,
509 1756 577 1795 curn
591 1739 755 1797 consistunt
768 1739 868 1798 nubila
881 1738 1018 1815 primurn,

246 1838 314 1886 ante
328 1828 427 1886 videre
442 1828 520 1885 oculi
534 1846 622 1903 quarn
636 1829 759 1903 possint,
773 1830 878 1901 tenvia,
894 1831 972 1889 venti

246 1928 397 1994 portantes
411 1929 521 1993 cogunt
534 1918 573 1975 ad
587 1938 701 1977 summa
715 1921 869 1978 cacumina
884 1921 1000 1981 montis.

247 2009 296 2068 hic
311 2008 431 2067 demum
445 2008 478 2067 fit
493 2010 533 2067 uti
547 2010 632 2070 turba
644 2010 755 2069 maiore
769 2022 871 2070 coorta
1103 2017 1152 2082 4⁶5

247 2110 279 2159 et
291 2099 442 2159 condensa
455 2110 564 2175 queant
578 2119 717 2176 apparere
732 2111 762 2160 et
776 2102 861 2160 simul
875 2102 940 2178 ipso

246 2192 355 2249 vertice
369 2190 407 2249 de
422 2191 531 2250 montis
544 2191 696 2249 videantur
710 2210 827 2267 surgere
841 2194 872 2250 in
885 2192 1024 2251 aethram.

247 2301 316 2340 narn
331 2282 397 2341 loca
409 2280 539 2340 declarat
552 2301 664 2340 sursum
678 2293 801 2341 ventosa
814 2293 913 2358 patere

246 2392 293 2431 res
307 2373 370 2448 ipsa
383 2382 414 2431 et
427 2391 538 2444 sensus,
553 2373 661 2431 rnontis
676 2391 745 2431 cum
760 2373 946 2432 ascendimus
961 2373 1042 2433 altos
1079 2401 1084 2408 ·

247 2473 398 2539 praeterea
411 2463 556 2538 permulta
570 2464 641 2520 mari
656 2482 776 2538 quoque
791 2465 890 2522 tollere
905 2474 968 2524 toto
1103 2483 1153 2531 470

247 2571 373 2629 corpora
385 2564 518 2611 naturam
533 2553 682 2612 declarant
695 2555 778 2612 litore
792 2565 887 2613 vestes

247 2662 416 2719 suspensae,
431 2662 499 2701 curn
513 2645 685 2720 concipiunt
697 2645 807 2703 umoris
821 2645 990 2704 adhaesum.

247 2752 308 2809 quo
323 2734 414 2809 magis
427 2733 466 2792 ad
480 2734 565 2792 nubis
579 2735 729 2810 augendas
744 2737 834 2794 multa
847 2735 981 2794 videntur

246 2843 333 2901 posse
348 2842 467 2899 quoque
482 2842 498 2882 e
513 2825 588 2882 salso
603 2844 780 2902 consurgere
796 2827 925 2884 momine
939 2825 1043 2901 ponti;

246 2934 315 2986 narn
328 2916 401 2973 ratio
416 2915 661 2990 consanguineast
674 2918 825 2975 umoribus
838 2917 911 2976 ollis.
1103 2933 1150 2988 475

245 3015 397 3081 praeterea
410 3005 503 3064 fluviis
517 3024 554 3064 ex
567 3008 703 3066 omnibus
718 3017 747 3065 et
761 3007 846 3065 simul
860 3008 923 3082 ipsa

246 3114 363 3171 surgere
377 3095 415 3154 de
429 3105 505 3154 terra
517 3097 639 3156 nebulas
653 3107 826 3173 aestumque
839 3096 982 3167 videmuS,

246 3204 322 3262 quae
336 3187 414 3244 velut
428 3187 533 3245 halitus
547 3187 616 3245 hinc
630 3189 670 3245 ita
683 3207 797 3246 sursum
811 3206 948 3263 expressa
962 3187 1092 3244 feruntur

246 3277 474 3353 suffunduntque
489 3295 542 3335 sua
555 3277 669 3336 caelum
683 3279 806 3354 caligine
821 3288 850 3336 et
863 3277 935 3336 altas

246 3367 394 3426 sufficiunt
408 3367 493 3425 nubis
507 3367 646 3441 paulatim
660 3368 887 3441 conveniundo;
1103 3373 1153 3434 480

246 3466 330 3532 urget
344 3459 421 3515 enim
438 3474 557 3531 quoque
572 3457 698 3532 signiferi
713 3477 800 3532 super
813 3459 938 3517 aetheris
951 3469 1048 3516 aestus
