2792 4025
255 257 329 332 ru]
499 259 725 312 uersuum
752 260 924 313 NATURA
1104 224 1158 327 '71

294 421 423 478 Primum
434 421 564 478 animum
575 419 653 490 dico,
665 429 795 478 mentem
806 438 895 496 quam
909 441 997 498 saepe
1007 441 1159 494 vocamus,

252 511 282 568 in
296 529 356 587 quo
371 512 524 569 consilium
538 511 613 568 vitae
628 511 817 586 regimenque
831 513 960 570 locatum
974 523 1029 573 est.
1123 534 1155 588 95

252 620 315 661 esse
330 603 455 660 hominis
469 611 580 677 partem
596 602 655 660 nilo
670 602 766 658 minus
780 621 816 658 ac
830 621 933 660 manus
948 614 978 661 et
992 622 1046 680 pes

251 702 338 767 atque
352 692 448 750 oculei
462 701 558 766 partes
571 692 726 749 animantis
739 692 828 749 totius
842 703 949 752 extant.

251 891 367 931 sensum
382 873 471 931 animi
486 882 564 930 certa
578 890 639 930 non
653 890 718 929 esse
732 872 763 931 in
777 882 859 949 parte
871 874 1012 950 locatum,

249 982 350 1021 verum
365 964 495 1022 habitum
510 963 660 1038 quendam
674 963 792 1021 vitalem
805 966 937 1039 corporis
951 983 1024 1036 esse,

249 1054 431 1112 harmoniam
446 1054 516 1113 Grai
530 1072 619 1128 quam
634 1053 745 1124 dicunt,
761 1054 844 1128 quod
858 1056 944 1114 sacrat
958 1073 1013 1115 nos
1109 1076 1156 1114 roo

248 1145 344 1204 vivere
358 1165 427 1203 cum
442 1163 538 1216 sensu,
552 1144 632 1202 nulla
642 1162 710 1202 cum
724 1144 756 1201 in
769 1155 851 1220 parte
866 1145 921 1203 siet
934 1162 1039 1220 mens;

248 1244 280 1293 ut
293 1235 373 1296 bona
386 1253 475 1310 saepe
489 1234 626 1293 valetudo
642 1253 711 1292 cum
725 1233 831 1292 dicitur
844 1253 908 1293 esse

248 1327 386 1402 corporis,
403 1336 433 1385 et
444 1344 506 1384 non
520 1336 565 1384 est
578 1334 678 1384 tamen
692 1325 767 1382 haec
780 1343 847 1400 pars
862 1325 919 1382 ulia
931 1325 1064 1386 valentis.

247 1418 290 1474 sic
303 1417 392 1476 animi
406 1435 523 1475 sensum
537 1435 600 1474 non
614 1425 693 1473 certa
706 1425 788 1491 parte
802 1426 969 1491 reponunt;

247 1526 354 1583 magno
365 1526 455 1583 opere
470 1507 500 1564 in
514 1524 574 1582 quo
588 1505 629 1564 mi
643 1506 749 1564 diversi
763 1525 857 1564 errare
871 1507 1015 1565 videntur.
1103 1526 1151 1579 1⁰5

247 1616 334 1673 saepe
348 1599 456 1672 itaque,
470 1597 501 1654 in
515 1606 654 1672 promptu
668 1615 775 1671 corpus
789 1597 871 1672 quod
885 1598 1021 1670 cemitur‚
1036 1609 1143 1673 aegret,

246 1707 314 1746 curn
328 1698 427 1746 tamen
440 1706 478 1746 ex
490 1687 546 1745 alla
558 1687 701 1745 laetamur
714 1697 796 1762 parte
810 1688 930 1762 latenti3

246 1788 276 1836 et
289 1790 366 1837 retro
380 1778 412 1836 fir
426 1778 467 1837 uti
483 1787 585 1835 contra
598 1780 635 1836 sit
649 1771 738 1852 saepe
751 1778 889 1851 vicissim,

245 1887 313 1927 cum
327 1869 414 1928 miser
427 1887 465 1927 ex
477 1868 577 1926 auimo
591 1868 714 1926 laetatur
727 1887 851 1944 corpore
865 1878 929 1928 toto
939 1890 949 1945 3

244 1978 306 2018 non
319 1960 375 2018 alio
390 1969 478 2036 pacto
493 1959 630 2034 quamsi,
645 1977 700 2035 pes
713 1978 782 2017 cum
796 1959 878 2018 dolet
891 1960 980 2036 aegri,
1104 1983 1151 2019 110
1183 1976 1187 1980 ·

245 2050 274 2107 in
289 2051 367 2109 nullo
381 2061 471 2126 caput
484 2051 595 2109 interea
608 2050 645 2108 sit
658 2050 732 2108 sorte
748 2049 858 2107 dolore.

244 2151 394 2215 praeterea
406 2141 487 2199 molli
502 2160 570 2197 cum
584 2159 690 2199 somno
706 2140 808 2198 dedita
821 2142 954 2199 membra

244 2231 425 2306 effusumque
440 2232 516 2289 iacet
529 2232 591 2290 sine
605 2248 692 2289 sensu
706 2249 813 2305 corpus
827 2231 994 2304 honustum,
1050 2268 1051 2271 =

244 2332 288 2380 est
300 2321 380 2379 aliud
393 2331 493 2380 tamen
506 2322 537 2380 in
550 2322 636 2380 nobis
650 2321 733 2397 quod
746 2331 879 2396 tempore
893 2322 924 2379 in
937 2322 986 2380 illo

243 2412 422 2471 multimodis
437 2414 559 2489 agitatur
573 2422 602 2469 et
616 2412 713 2470 omnis
727 2412 835 2486 accipit
848 2412 880 2469 in
893 2430 925 2469 se
1103 2432 1148 2485 ¹15
1170 2466 1175 2474 .

242 2502 368 2563 laetitiae
383 2514 480 2561 motus
495 2513 525 2561 et
539 2522 622 2561 curas
638 2503 735 2561 cordis
749 2502 852 2561 inanis.

242 2611 322 2650 nunc
335 2594 463 2651 animam
477 2612 595 2669 quoque
610 2603 643 2652 ut
656 2593 687 2651 in
700 2592 838 2651 membris
854 2611 1033 2669 cognoscere
1047 2595 1142 2670 possis

243 2701 306 2742 esse
320 2702 417 2758 neque
432 2684 585 2743 harmonia
599 2702 706 2758 corpus
720 2682 826 2741 sentire
841 2683 945 2758 solere,

242 2774 386 2849 principio
400 2775 433 2832 fit
446 2775 488 2832 uti
502 2774 634 2832 detracto
649 2792 773 2849 corpore
787 2773 880 2831 multo

243 2882 330 2939 saepe
344 2876 443 2923 tamen
456 2866 541 2923 nobis
554 2865 586 2922 in
600 2864 738 2922 membris
751 2863 811 2921 vita
824 2874 972 2938 moretur;
1103 2887 1149 2922 120

243 2964 330 3029 atque
345 2955 450 3013 eadem
464 2974 586 3029 rursum,
601 2974 670 3013 cum
685 2974 809 3029 corpora
822 2973 918 3029 pauca
931 2955 1034 3013 caloris

243 3044 382 3120 diffugere
397 3046 531 3121 forasque
545 3064 598 3121 per
612 3064 646 3103 os
661 3054 705 3103 est
719 3044 814 3102 editus
828 3045 886 3117 aer,

243 3133 350 3192 deserit
364 3137 511 3211 extemplo
524 3155 614 3194 venas
629 3145 717 3211 atque
732 3154 799 3193 ossa
811 3135 967 3210 relinquit3

241 3243 364 3283 noscere
377 3236 411 3285 ut
423 3227 492 3284 hinc
505 3227 599 3301 possis
614 3245 676 3284 non
690 3244 799 3300 aequas
813 3225 913 3284 omnia
926 3226 1015 3300 partis

243 3334 366 3391 corpora
381 3316 488 3375 habere
502 3335 600 3392 neque
615 3335 652 3374 ex
666 3334 763 3390 aequo
777 3315 877 3373 fulcire
892 3315 1026 3387 salutem,
1104 3333 1147 3385 125

226 3426 229 3435 ·
243 3404 296 3464 sed
309 3407 402 3482 magis
416 3407 499 3479 haec,
513 3407 593 3465 venti
607 3425 683 3482 quae
698 3416 766 3464 sunt
779 3406 926 3481 calidique
940 3406 1056 3480 vaporis

242 3499 364 3571 semina,
379 3516 479 3557 curare
493 3498 523 3557 in
537 3498 676 3556 membris
689 3508 723 3556 ut
735 3497 795 3555 vita
807 3506 947 3555 moretur.
