2792 4025
253 249 312 311 108
563 259 796 314 Lucxsrrus
1090 259 1156 330 [ru.

247 422 272 481 is
286 439 406 498 quoque
421 421 499 480 enim
515 419 631 496 duplici·
640 421 818 496 geminoque
832 421 866 478 fit
879 420 947 479 aeire
961 420 1048 481 visus.

246 513 357 588 primus
371 513 451 570 enim
465 512 537 569 citra
550 521 650 586 postes
665 522 728 568 turn
742 512 869 569 cernitur
882 511 933 569 adr
1110 529 1156 584 275

246 602 317 662 inde
331 604 408 661 fores
423 604 502 678 ipsae
518 602 619 660 dextra
632 602 772 677 laevaque
787 611 936 674 secuntur,

247 703 315 769 post
329 695 451 752 extraria
465 693 514 750 lux
527 693 630 751 oeulos
644 685 791 767 perterget
804 701 834 750 et
847 693 898 750 a‘e'r

246 784 319 842 alter
334 794 364 842 et
378 783 424 841 illa
438 783 507 842 foris
521 801 596 858 quae
611 801 679 840 vere
693 782 928 857 transpiciuntur.

246 875 289 932 sic
304 875 354 933 ubi
368 892 400 932 se
415 875 543 949 primum
557 874 668 949 speculi
683 873 808 948 proiecit
822 874 929 948 imago,

247 964 319 1022 dum
333 965 413 1022 venit
428 964 466 1022 ad
481 973 594 1022 nostras
608 965 697 1036 acieS,
715 964 861 1039 protrudit
875 964 993 1039 agitque
1109 973 1157 1024 280

246 1061 313 1112 aera
327 1056 377 1130 qui
391 1055 466 1112 inter
480 1073 511 1112 se
526 1063 681 1128 cumquest
695 1054 858 1128 oculosque
871 1054 994 1128 locatus,

246 1155 276 1203 et
289 1146 358 1203 facit
371 1155 403 1203 ut
416 1146 495 1219 prius
509 1146 588 1202 hunc
603 1162 723 1202 omnem
737 1145 843 1202 sentire
858 1162 1000 1218 queamus
1037 1144 1156 1225 [ipsum,

246 1254 335 1311 quam
349 1237 510 1312 speculum.
526 1234 579 1292 sed
594 1235 644 1292 ubi
659 1234 812 1309 speculum
827 1252 947 1309 quoque
962 1237 1105 1296 sensimus

245 1327 386 1384 continuo
401 1346 419 1384 a
432 1327 518 1384 nobis
532 1327 561 1383 in
577 1325 656 1383 idem
671 1343 747 1400 quae
762 1326 851 1382 fertur
866 1325 964 1400 imago

244 1418 376 1493 pervenit
390 1427 419 1474 et
432 1428 546 1475 nostros
561 1416 663 1475 oculos
677 1417 785 1473 reiecta
798 1415 896 1473 revisit
1109 1426 1154 1491 ²85

244 1517 332 1583 atque
347 1509 434 1565 alium
449 1525 518 1582 prae
534 1525 565 1564 se
580 1507 746 1581 propellens
760 1510 828 1566 aera
841 1506 929 1565 volvit

244 1607 274 1656 et
287 1598 356 1656 facit
370 1607 401 1656 ut
416 1597 495 1672 prius
510 1597 588 1654 hunc
603 1615 691 1671 quarn
707 1614 739 1654 se
754 1596 915 1670 videamus,
930 1615 1027 1673 eoque

244 1688 351 1746 distare
365 1689 402 1746 ab
417 1688 537 1762 speculo
552 1697 664 1744 tantum
680 1697 794 1745 semota
807 1686 930 1746 videtur.

244 1796 333 1854 quare
348 1778 436 1836 etiam
449 1780 538 1852 atque
553 1778 641 1834 etiam
656 1778 776 1835 minime
791 1778 921 1835 mirarier
935 1789 979 1837 est
993 1797 1054 1854 par,

242 1869 300 1927 illic
314 1887 389 1944 quor
401 1867 527 1925 reddant
540 1868 727 1942 speculorum
741 1886 779 1926 ex
792 1887 920 1943 aequore
935 1871 1037 1943 visum,
1106 1891 1155 1943 ²90

243 1959 357 2019 aeribus
372 1959 447 2018 binis
462 1959 600 2034 quoniam
615 1976 661 2017 res
676 1959 768 2018 confit
781 1968 913 2035 utraque.

243 2069 322 2109 nunc
337 2068 462 2125 eaquae
477 2050 562 2107 nobis
577 2050 776 2108 membrorum
790 2050 912 2109 dextera
925 2070 991 2127 pars
1006 2062 1059 2125 est,

242 2141 273 2199 in
287 2141 412 2216 speculis
425 2141 458 2198 fit
472 2150 503 2197 ut
517 2141 547 2197 in
561 2141 642 2197 laeva
654 2140 788 2198 videatur
801 2159 839 2199 eo
853 2142 935 2217 quod

242 2232 392 2307 planitiem
407 2231 446 2289 ad
460 2232 572 2306 speculi
586 2232 708 2289 veniens
722 2250 791 2289 cum
806 2232 928 2290 offendit
943 2233 1050 2308 imago,

242 2340 303 2381 non
318 2323 494 2381 convertitur
508 2322 671 2394 incolumis
687 2322 741 2379 sed
753 2332 835 2381 recta
848 2333 1003 2382 retrorsum
1102 2343 1149 2399 ²95

242 2414 284 2471 sic
299 2413 422 2484 eliditur,
439 2422 470 2471 ut
484 2413 582 2487 siquis,
597 2414 676 2488 prius
691 2412 774 2471 arida
787 2432 875 2489 quam
889 2414 926 2472 sit

242 2513 339 2562 cretea
352 2522 486 2577 persona,
502 2503 612 2561 adlidat
626 2505 739 2579 pilaeve
753 2506 872 2576 trabive,

242 2605 329 2668 atque
344 2613 379 2651 ea
393 2594 534 2652 continuo
549 2604 658 2653 rectam
673 2596 698 2654 si
712 2596 806 2653 fronte
821 2596 942 2671 figuram

242 2694 336 2743 servet
350 2693 379 2742 et
393 2685 493 2742 elisam
508 2697 584 2743 retro
600 2704 663 2745 sese
679 2687 821 2761 exprimat
835 2687 906 2763 ipsa.

241 2776 293 2832 fiet
306 2776 355 2845 ita,
370 2785 437 2832 ante
452 2776 555 2833 oculus
570 2777 655 2834 suerit
669 2778 720 2851 qui
735 2777 845 2849 dexter,
861 2788 893 2835 ut
907 2778 987 2836 idem
1102 2798 1150 2850 300

241 2884 322 2923 nunc
336 2865 372 2922 sit
385 2866 493 2936 laevus,
503 2875 533 2923 et
547 2885 564 2924 e
578 2867 660 2925 laevo
674 2868 711 2924 sit
725 2877 825 2926 mutua
838 2868 949 2928 dexter.

241 2956 274 3013 fit
289 2973 407 3030 quoque
421 2955 460 3013 de
475 2957 595 3032 speculo
609 2958 640 3014 in
654 2959 804 3032 speculum
821 2969 852 3016 ut
865 2959 994 3017 tradatur
1007 2960 1113 3035 imago,

242 3046 372 3122 quinque
387 3048 475 3104 etiarn
490 3066 576 3105 sexve
591 3058 622 3105 ut
636 3048 697 3105 fieri
712 3050 864 3107 simulacra
877 3052 993 3110 suerint.

241 3156 311 3194 nam
325 3155 529 3213 quaecumque
544 3148 620 3196 retro
635 3149 716 3214 parte
732 3140 866 3199 interiore
881 3141 1019 3211 latebunt,

242 3226 311 3285 inde
326 3237 435 3299 tamen,
451 3230 583 3302 quamvis
597 3238 672 3286 torte
687 3231 862 3305 penitusque
876 3242 997 3303 remota,
1097 3250 1147 3303 305

242 3318 343 3376 omnia
357 3337 410 3393 per
423 3318 514 3377 flexos
528 3318 624 3377 aditus
639 3319 747 3377 educta
761 3320 861 3379 licebit

241 3409 372 3486 pluribus
387 3410 460 3467 haec
474 3411 600 3485 speculis
613 3410 767 3468 videantur
781 3412 810 3469 in
824 3412 946 3470 aedibus
960 3431 1033 3470 esse.

242 3520 335 3577 usque
351 3501 427 3559 adeo
441 3502 561 3575 speculo
576 3502 606 3558 in
620 3501 772 3576 speculum
787 3503 942 3561 translucet
956 3504 1063 3578 imag0,
