2792 4025
266 303 338 375 lll.]
509 304 564 356 DE
590 303 735 357 RERUM
762 303 934 357 NATURA
1128 305 1166 372 95

262 473 350 539 atque
365 465 452 522 etiam
467 465 573 539 potiuS,
588 464 611 521 si
626 482 787 538 numquam
802 464 841 522 sis
855 465 1030 538 moriturus)

262 553 334 629 quid
347 555 568 630 respondemus,
585 555 638 612 nisi
654 556 759 612 iustam
773 555 925 612 intendere
940 556 1022 615 litem
1119 576 1168 629 950

261 655 391 703 naturam
406 656 435 703 et
448 664 546 704 veram
558 646 652 704 verbis
667 663 815 721 exponere
829 648 969 704 causam?

260 735 397 810 grandior
411 736 459 793 hic
473 755 542 794 vero
557 737 652 794 sliam
667 736 822 811 seniorque
838 748 973 811 queratur

259 835 348 902 atque
362 827 473 886 obitum
489 828 663 884 lamentetur
677 828 765 885 miser
779 828 902 902 amplius
916 846 1021 903 aequo,

153 915 159 924 ’
259 934 321 974 non
334 918 438 975 merito
452 917 589 974 inclamet
604 918 695 992 magis
710 927 740 976 et
752 936 826 975 voce
842 919 973 993 increpet
987 919 1067 977 acri?

260 1007 356 1065 ‘aufer
363 1008 469 1066 abhinc
476 1008 617 1079 lacrimas,
626 1009 746 1079 balatr0,
754 1018 783 1066 et
793 1027 950 1083 compesce
957 1010 1107 1084 querellas.
1115 1030 1145 1083 95
1148 1029 1161 1081 5

259 1099 358 1155 omnia
372 1099 540 1173 perfunctus
554 1098 622 1157 vitai
635 1099 766 1173 praemia
779 1117 898 1157 marces.

259 1188 312 1246 sed
326 1189 394 1264 quia
407 1207 524 1264 semper
537 1207 605 1246 aves
620 1188 702 1264 quod
716 1190 807 1261 abest,
822 1189 986 1264 praesentia
998 1191 1112 1264 temnis,

257 1279 418 1354 inperfecta
432 1280 483 1338 tibi
497 1280 621 1354 elapsast
633 1280 802 1355 ingrataque
817 1281 876 1337 vita

258 1380 288 1427 et
301 1388 357 1429 nec
371 1371 503 1446 opinanti
517 1389 595 1428 mors
609 1369 647 1428 ad
662 1381 751 1446 caput
765 1369 875 1429 adstitit
888 1380 955 1429 ante

257 1478 346 1535 quarn
361 1472 488 1519 saturae
502 1462 606 1536 plenus
620 1461 715 1536 possis
731 1460 884 1519 discedere
898 1480 1004 1521 rerum.
1112 1469 1159 1535 960

257 1569 336 1609 nunc
349 1552 444 1610 aliena
457 1563 507 1609 tua
521 1562 620 1609 tamen
631 1560 729 1627 'aetate
744 1552 844 1610 omnia
857 1553 938 1610 mitte

256 1659 352 1716 aequo
366 1643 524 1717 animoque
539 1641 666 1717 agedum
680 1660 803 1718 magnus
814 1642 966 1701 concede:
983 1643 1148 1726 necessest'

255 1732 326 1804 iure,
341 1742 373 1790 ut
387 1734 499 1808 opinor,
515 1743 589 1808 agat,
605 1734 666 1791 iure
681 1733 814 1808 increpet
827 1733 1004 1808 inciletque3
1079 1723 1085 1728 ’

255 1823 335 1880 cedit
349 1825 428 1882 enim
441 1842 538 1882 rerum
551 1824 680 1882 novitate
695 1834 810 1881 extrusa
823 1833 950 1883 vetustas
962 1822 993 1970 q

255 1931 380 1989 semper,
395 1923 425 1972 et
439 1932 476 1972 ex
489 1915 550 1972 aliis
564 1913 642 1971 aliud
656 1932 789 1989 reparare
803 1924 970 1987 necessest3
1109 1923 1155 1988 965

255 2022 312 2062 nec
327 2004 480 2079 quisquam
494 2005 524 2062 in
538 2004 707 2063 barathrum
721 2024 778 2063 nec
791 2006 911 2063 Tartara
925 2005 1043 2065 deditur
1055 2017 1133 2067 atra:

255 2096 389 2153 materies
404 2113 478 2170 opus
492 2105 537 2152 est
550 2104 583 2153 ut
596 2106 728 2154 crescant
741 2106 859 2170 postera
872 2097 986 2170 saecla;

256 2203 332 2260 quae
346 2195 445 2243 tamen
460 2186 560 2243 omnia
573 2195 602 2242 te
616 2186 674 2244 vita
687 2187 840 2261 perfuncta
854 2196 1030 2261 sequentur;

255 2294 311 2334 nec
325 2276 421 2335 minus
435 2295 505 2353 ergo
516 2287 584 2334 ante
598 2276 671 2335 haec
681 2296 770 2351 quam
784 2287 814 2335 tu
826 2276 970 2350 cecidere,
983 2278 1157 2354 cadentque.

255 2367 297 2425 sic
311 2366 369 2425 alid
383 2386 421 2425 ex
433 2368 490 2426 alio
505 2386 667 2441 numquam
682 2367 803 2426 desistet
817 2367 885 2426 oriri
1109 2391 1158 2442 970

240 2444 370 2537 (vitaque
385 2459 533 2533 mancipio
548 2458 618 2516 nulli
632 2458 727 2528 datur,
742 2458 878 2517 omnibus
891 2459 968 2539 usu.)

254 2549 367 2623 respice
382 2549 452 2607 item
467 2567 555 2624 quam
570 2549 610 2607 nil
624 2548 663 2607 ad
677 2568 733 2607 nos
746 2558 881 2606 anteacta
894 2558 1021 2609 vetustas

254 2640 394 2714 temporis
408 2640 518 2699 aeterni
532 2640 626 2712 suerit,
641 2658 730 2714 quam
745 2640 892 2697 nascimur
906 2650 982 2698 ante.

253 2729 312 2788 hoc
326 2730 412 2805 igitur
425 2730 577 2806 speculum
591 2731 676 2790 nobis
690 2739 794 2789 natura
806 2729 893 2789 futuri
1118 2792 1122 2796 ,

254 2822 392 2896 temporis
407 2822 528 2897 exponit
541 2832 609 2897 post
622 2831 747 2880 mortem
762 2821 890 2896 denique
905 2832 1042 2881 nostram.
1109 2841 1156 2894 975

254 2911 399 2987 numquid
412 2913 452 2970 ibi
465 2912 601 2971 horribile
616 2923 746 2988 apparet,
761 2931 832 2970 num
847 2914 927 2970 triste
941 2912 1056 2971 videtur

253 3003 421 3078 quicquam,
435 3021 496 3061 non
510 3004 591 3061 omni
606 3022 710 3062 somno
725 3004 852 3061 securius
867 3004 980 3061 exstat?

220 3122 253 3178 ss
293 3095 390 3168 Atque
405 3112 440 3151 ea
453 3094 589 3152 nimirum
603 3111 808 3170 quaecumque
823 3093 989 3151 Acherunte
1004 3092 1150 3169 profundo

254 3183 370 3259 prodita
383 3192 450 3242 sunt
464 3202 537 3255 esse,
552 3185 582 3242 in
596 3185 654 3243 vita
668 3193 736 3243 sunt
750 3185 849 3256 omnia
862 3184 956 3242 nobis.

254 3292 311 3332 nec
325 3275 413 3333 miser
426 3274 591 3349 inpendens
606 3294 745 3351 magnum
760 3276 844 3334 timet
858 3275 925 3333 aire
940 3293 1041 3337 saxum
1108 3281 1158 3345 980

253 3365 401 3436 Tantalus,
416 3375 448 3423 ut
462 3366 574 3437 famast,
589 3384 671 3424 cassa
685 3365 839 3426 formidine
855 3375 994 3440 torpens;

255 3454 308 3513 sed
322 3454 413 3530 magis
427 3455 457 3513 in
470 3456 530 3513 vita
543 3455 643 3514 divom
657 3466 752 3514 metus
767 3465 850 3531 urget
864 3456 957 3513 inanis

255 3545 382 3605 mortalis
396 3563 556 3622 casumque
570 3546 676 3605 timent
690 3565 780 3622 quem
795 3547 901 3621 cuique
916 3547 987 3605 ferat
1001 3547 1066 3605 fors
