2792 4025
246 268 311 340 rv.]
479 271 535 324 nn
561 271 710 326 RERUM
736 270 909 326 NATURA
1087 279 1146 343 103

242 430 484 506 quandoquidem
498 432 583 490 simili
596 433 696 508 specie
710 442 778 491 sunt
790 432 923 508 praedita
934 451 1029 493 rerum
1102 459 1149 494 roo

243 521 359 592 extima,
374 523 546 597 imaginibus
561 523 654 581 missis
668 523 827 581 consistere
840 541 948 583 rerum.

242 621 310 668 sunt
324 612 408 686 igitur
422 621 525 670 tenues
539 614 647 671 formae
661 631 757 670 rerum
772 613 939 689 similesque
1103 638 1149 688 104

242 701 363 776 effigiae,
379 703 543 777 singillatim
557 721 629 777 quas
643 721 763 761 cernere
777 721 867 761 nemo

241 809 309 848 cum
324 793 416 866 possit
430 802 539 864 tamen,
553 792 677 850 adsiduo
692 793 855 868 crebroque
869 795 986 869 repulsu

235 881 366 954 ¹reiectae
380 881 510 941 reddunt
523 883 709 957 speculorum
724 901 761 940 ex
774 902 902 959 aequore
915 885 1020 958 visum,

239 990 296 1029 nec
309 973 421 1030 ratione
436 974 492 1031 alia
506 974 611 1031 servari
624 991 713 1048 posse
727 973 870 1046 videntur,

241 1071 323 1120 tanto
338 1081 428 1138 opere
443 1072 476 1121 ut
491 1062 599 1122 similes
613 1063 774 1122 reddantur
787 1066 894 1140 cuique
907 1067 1026 1141 figurae.

280 1153 370 1210 Nunc
383 1171 438 1229 age
452 1172 542 1229 quam
555 1154 637 1212 tenui
649 1164 753 1212 natura
766 1165 882 1213 constet
895 1157 992 1231 imago
1098 1178 1145 1214 110

238 1244 367 1319 percipe.
383 1253 413 1302 et
427 1244 580 1319 inprimis,
595 1246 736 1320 quoniam
750 1245 911 1320 primordia
924 1256 1039 1307 tanturn

238 1343 306 1392 sunt
319 1335 394 1394 inira
405 1345 521 1394 nostros
535 1354 637 1394 sensus
651 1345 794 1411 tantoque
808 1337 922 1394 minora

238 1442 327 1500 quam
340 1443 416 1501 quae
430 1427 557 1502 primum
571 1427 649 1486 oculi
663 1435 805 1502 coeptant
818 1446 879 1485 non
893 1446 980 1502 posse
994 1427 1077 1497 tueri,

236 1533 316 1573 nune
329 1525 430 1576 tamen
443 1516 475 1575 id
489 1535 609 1593 quoque
622 1517 666 1575 uti
679 1517 862 1588 confirmem,
878 1517 998 1576 exordia
1010 1537 1106 1578 rerum

236 1616 408 1665 cunctarum
422 1625 512 1682 quam
525 1609 583 1666 sint
596 1608 714 1683 suptilia
727 1609 846 1683 percipe
860 1609 971 1683 paucis.
1098 1628 1143 1682 115

236 1698 365 1772 primum
378 1699 515 1756 animalia
527 1708 595 1757 sunt
609 1699 668 1756 iam
681 1699 787 1774 partim
801 1699 920 1772 tantula,
935 1717 1061 1774 quorum

235 1788 321 1845 tertia
333 1805 399 1863 pars
413 1789 492 1847 nulla
506 1790 599 1864 possit
611 1789 724 1847 ratione
738 1789 840 1848 videri.

236 1877 342 1937 horum
354 1879 524 1937 intestinum
538 1879 663 1955 quodvis
676 1880 763 1955 quale
777 1898 841 1938 esse
854 1879 1048 1956 putandumst
1062 1883 1068 1939 Ι

236 1968 309 2044 quid
323 1969 420 2028 cordis
433 1969 537 2046 globus
546 1980 597 2029 aut
604 1971 704 2029 oculi?
717 1969 789 2045 quid
796 1972 948 2030 membra?
962 1971 1033 2047 quid
1047 1972 1145 2030 artus?

236 2060 377 2135 quantula
389 2069 457 2118 sunt
469 2063 476 2119 l
497 2060 570 2136 quid
582 2072 735 2136 praeterea
747 2062 908 2137 primordia
921 2081 1055 2137 quaeque
1097 2084 1144 2119 120

235 2148 316 2208 unde
330 2151 429 2208 anima
440 2160 530 2226 atque
543 2152 633 2209 animi
647 2161 766 2210 constet
778 2162 882 2210 natura
894 2153 1097 2211 necessumst?

172 2285 175 2290 .
235 2258 337 2298 nonne
350 2240 433 2299 vides
447 2259 536 2315 quam
550 2242 607 2298 sint
620 2242 738 2299 subtilia·
749 2261 897 2318 quamque
911 2243 1045 2301 minuta?

235 2340 387 2406 praeterea
400 2349 606 2406 quaecumque
620 2350 674 2389 suo
689 2331 728 2389 de
742 2350 866 2407 corpore
881 2332 1006 2391 odorem

237 2422 369 2496 expirant
381 2439 489 2493 acrem,
504 2440 632 2497 panaces
646 2422 792 2480 absinthia
804 2431 897 2481 taetra

236 2510 451 2587 habrotonique
465 2530 567 2587 graves
582 2521 612 2569 et
623 2512 715 2569 tristia
727 2522 893 2586 centaurea,
1097 2534 1142 2587 ¹²5

236 2619 362 2677 quorum
375 2620 468 2660 unum
481 2601 596 2677 quidvis
609 2602 711 2660 leviter
724 2602 749 2659 si
762 2603 836 2661 forte
851 2602 970 2664 duobus

683 2684 701 2719 st

235 2782 307 2857 quin
320 2782 418 2859 potius
431 2801 537 2841 noscas
550 2801 647 2845 rerum
661 2783 815 2841 simulacra
827 2783 924 2858 vagari

235 2874 326 2931 multa
339 2870 436 2932 modis
450 2873 547 2931 multis
560 2874 640 2931 nulla
652 2874 682 2931 vi
695 2892 836 2948 cassaque
850 2875 958 2933 sensu?

277 2961 352 3040 [Sed
366 2981 404 3021 ne
418 2964 492 3022 forte
506 2974 594 3039 putes
605 2982 642 3022 ea
656 2963 777 3021 demum
792 2965 854 3023 sola
866 2965 973 3040 vagari,

235 3071 440 3129 quaecumque
454 3054 492 3113 ab
505 3054 592 3113 rebus
605 3073 702 3111 rerum
716 3055 870 3112 simulacra
880 3056 1034 3132 recedunt,
1095 3076 1143 3129 130

157 3138 160 3143 ’
235 3153 303 3201 sunt
316 3144 404 3201 etiarn
418 3162 494 3220 quae
509 3154 614 3219 sponte
629 3163 682 3202 sua
695 3146 853 3221 gignuntur
866 3155 896 3203 et
909 3147 984 3221 ipsa'

235 3234 449 3293 constituuntur
464 3235 495 3293 in
509 3235 567 3293 hoc
582 3236 664 3293 caelo
679 3236 730 3310 qui
744 3235 849 3293 dicitur
862 3239 920 3307 aer,

235 3342 310 3399 quae
324 3325 422 3383 multis
436 3325 560 3383 formata
573 3325 670 3384 modis
684 3326 807 3383 sublime
822 3326 953 3385 feruntur

234 3433 292 3472 nec
305 3415 436 3490 speciem
450 3426 561 3473 mutare
576 3434 659 3473 suam
672 3417 814 3490 liquentia
827 3426 942 3474 cessant

236 3514 266 3563 et
280 3506 421 3581 cuiusque
435 3505 519 3564 modi
532 3507 692 3565 formarum
706 3516 817 3564 vertere
832 3507 863 3565 in
876 3525 961 3581 oras3
1095 3526 1139 3579 135
