2792 4025
233 264 272 336 I.]
462 264 517 317 DE
543 264 690 319 RERUM
718 264 889 318 NATURA
1117 265 1134 335 5

229 442 348 482 cernere
362 424 405 483 uti
417 422 568 483 videamur
582 443 633 483 eos
647 424 806 499 audireque
821 444 929 498 coram,

228 524 323 572 morte
337 515 417 574 obita
430 534 555 589 quorum
569 516 652 573 tellus
666 515 851 590 amplectitur
864 534 939 573 ossa
1003 575 1009 590 Ι
1090 534 1134 628 r35

228 622 285 662 nec
299 623 347 662 me
362 606 535 663 animifallit
549 606 704 664 Graiorum
718 607 843 664 obscura
856 615 971 681 reperta
1008 588 1101 647 )¹
1180 624 1207 656 κ
1227 584 1345 659 ‘fdus'

169 698 174 704 '
228 694 346 753 difficile
360 696 509 753 inlustrare
526 696 633 753 latinis
647 696 780 754 versibus
793 714 867 767 esse,
986 597 1136 780 illistam
1082 645 1166 750 '3³¹¹

227 787 319 843 multa
332 787 415 844 novis
429 787 524 844 verbis
538 788 708 861 praesertim
722 805 790 844 cum
804 787 840 844 sit
854 786 1003 861 agendum

227 888 347 953 propter
361 888 519 953 egestatem
534 879 649 953 linguae
664 889 693 937 et
706 897 803 937 rerum
816 880 996 953 novitatem3

228 968 281 1025 sed
295 978 345 1025 tua
358 987 406 1025 me
419 970 508 1026 virtus
522 978 621 1027 tamen
636 979 665 1027 et
679 979 794 1042 sperata
806 969 940 1044 voluptas
1089 992 1135 1038 140

228 1059 322 1116 suavis
336 1059 479 1116 amicitiae
494 1060 625 1133 quemvis
641 1060 758 1117 sufferre
772 1060 903 1118 laborem

227 1148 331 1206 suadet
345 1159 374 1207 et
388 1149 500 1208 inducit
513 1159 617 1208 noctes
630 1150 747 1224 vigilare
761 1167 879 1208 serenas

228 1249 416 1313 quaerentem
431 1239 516 1298 dictis
530 1240 635 1313 quibus
650 1250 680 1297 et
693 1258 755 1313 quo
768 1240 896 1296 carmine
910 1239 1032 1297 demum

227 1328 304 1385 clara
317 1338 383 1386 tuae
398 1330 508 1405 possim
522 1328 722 1405 praepandere
736 1329 846 1387 lumina
859 1331 959 1401 menti,

225 1437 272 1477 res
286 1420 392 1493 quibus
405 1419 534 1477 occultas
548 1420 664 1494 penitus
678 1420 829 1477 convisere
843 1420 947 1495 possis.
1084 1438 1127 1491 ¹45

267 1512 358 1567 Hunc
370 1511 454 1585 igitur
464 1520 603 1568 terrorem
614 1511 704 1568 animi
714 1511 908 1585 tenebrasque
919 1521 1067 1569 necessest

225 1617 287 1657 non
301 1600 374 1658 radii
388 1601 454 1657 solis
469 1618 566 1674 neque
580 1600 679 1657 lucida
691 1601 750 1658 tela
763 1600 823 1659 diei

225 1690 391 1762 discutiant,
406 1690 459 1748 sed
473 1701 592 1748 naturae
607 1691 721 1765 species
735 1692 875 1765 ratioque.

78 1826 84 1836 ,
164 1773 191 1846 X
224 1781 402 1856 principium
416 1799 498 1838 eurus
512 1780 581 1837 hinc
595 1782 679 1839 nobis
693 1781 814 1839 exordia
828 1790 932 1853 sumet,

218 1872 332 1949 qrullam
346 1890 409 1928 rem
423 1890 439 1928 e
453 1872 554 1928 nilo'
528 1890 606 1947 gigni
599 1870 757 1929 'divinitus
771 1891 921 1946 umquam.
915 1891 936 1960 .)
1087 1888 1133 1941 150

224 1962 335 2038 quippe
349 1963 390 2020 ita
403 1961 528 2021 formido
543 1962 669 2020 mortalis
684 1963 816 2021 continet
830 1964 937 2036 omnis,

144 2047 145 2050 ’
224 2053 306 2128 quod
320 2053 410 2111 multa
423 2053 454 2111 in
468 2053 548 2111 terris
562 2053 624 2110 fieri
639 2053 780 2127 caeloque
792 2063 910 2111 tuentur

223 2161 348 2219 quorum
363 2162 486 2219 operum
500 2162 602 2200 causas
616 2144 694 2200 nulla
707 2145 818 2200 ratione
833 2142 931 2202 videre

223 2244 345 2309 possunt
359 2253 394 2292 ac
408 2235 470 2292 lieri
484 2233 585 2292 divino
598 2234 718 2290 numine
732 2243 840 2291 rentur.

154 2392 157 2397 ,
223 2343 295 2399 quas
309 2326 349 2384 ob
362 2344 408 2384 res
422 2327 472 2384 ubi
485 2324 643 2383 viderimus
657 2324 697 2380 nil
711 2340 798 2397 posse
813 2324 904 2381 creari
1084 2341 1128 2395 1⁵5

223 2414 261 2472 de
276 2416 345 2487 nilo,
359 2426 423 2474 tum
437 2415 518 2490 quod
532 2414 681 2490 sequimur
694 2414 752 2470 iam
766 2414 873 2472 rectius
886 2411 957 2471 inde

222 2507 440 2580 perspiciemus
456 2516 485 2564 et
499 2505 578 2564 unde
594 2514 682 2580 queat
695 2521 742 2561 res
756 2522 891 2578 quaeque
907 2502 997 2562 creari

222 2605 252 2653 et
266 2615 326 2670 quo
341 2614 475 2670 quaeque
490 2595 581 2654 modo
595 2597 666 2653 fiant
682 2612 774 2670 opera
787 2595 849 2652 sine
864 2593 973 2652 divom.

264 2688 343 2744 Nam
357 2687 381 2744 si
395 2686 433 2744 de
447 2687 506 2744 nilo
521 2687 632 2759 fierent,
648 2705 685 2744 ex
699 2685 831 2745 omnibu’
845 2686 933 2744 rebus

222 2793 311 2834 omne
325 2795 417 2852 genus
432 2778 511 2834 nasci
526 2786 634 2851 posset,
649 2777 690 2834 nil
704 2777 816 2835 semine
831 2784 938 2851 egeret.
1055 2817 1058 2823 f
1081 2783 1128 2832 160

221 2884 240 2924 e
252 2885 332 2924 mare
347 2868 472 2942 primum
487 2867 631 2937 homines,
645 2884 663 2924 e
677 2876 753 2924 terra
766 2875 867 2942 posset
880 2865 948 2924 oriri

221 2959 437 3032 squamigerum
450 2975 541 3032 genus
556 2967 585 3014 et
598 2958 731 3014 volucres
746 2974 899 3032 erumpere
913 2956 1015 3028 cae103

221 3057 352 3105 armenta
365 3057 452 3121 atque
467 3047 539 3104 aliae
554 3045 694 3121 pecudes
709 3064 801 3121 genus
816 3065 905 3106 omne
920 3046 1054 3119 ferarum,

221 3137 332 3195 incerto
346 3147 430 3212 partu
444 3137 522 3194 culta
535 3154 570 3194 ac
585 3136 701 3195 deserta
714 3147 856 3195 tenerent.

220 3245 277 3284 nec
291 3228 400 3285 [ructus
414 3227 493 3284 idern
508 3227 656 3285 arboribus
671 3236 804 3284 constare
818 3227 954 3300 solerent,
1080 3231 1125 3297 ¹⁶5

221 3317 274 3376 sed
288 3328 473 3389 mutarentur,
489 3317 561 3376 ferre
575 3335 679 3375 omnes
694 3317 793 3374 omnia
807 3327 936 3390 possent.

220 3408 331 3482 quippe
344 3409 395 3466 ubi
409 3426 470 3465 non
484 3417 581 3466 essent
594 3408 730 3483 genitalia
743 3425 865 3480 corpora
879 3408 995 3482 cuique,

221 3499 271 3574 qui
285 3508 384 3574 posset
398 3508 489 3556 mater
502 3498 587 3556 rebus
602 3498 761 3556 consistere
775 3499 875 3555 certa?
