<?xml version="1.0" encoding="UTF-8"?>
<!DOCTYPE html PUBLIC "-//W3C//DTD XHTML 1.0 Transitional//EN"
    "http://www.w3.org/TR/xhtml1/DTD/xhtml1-transitional.dtd">
<html xmlns="http://www.w3.org/1999/xhtml" xml:lang="en" lang="en">
 <head>
  <title>
</title>
<meta http-equiv="Content-Type" content="text/html;charset=utf-8" />
  <meta name='ocr-system' content='tesseract 3.04.00' />
  <meta name='ocr-capabilities' content='ocr_page ocr_carea ocr_par ocr_line ocrx_word'/>
</head>
<body>
  <div class='ocr_page' id='page_1' title='image "./tlucreticarider01kelsgoog_0074.png"; bbox 0 0 2792 4025; ppageno 0'>
   <div class='ocr_carea' id='block_1_1' title="bbox 280 254 826 310">
    <p class='ocr_par' dir='ltr' id='par_1_1' title="bbox 280 254 826 310">
     <span class='ocr_line' id='line_1_1' title="bbox 280 254 826 310; baseline 0.013 -7"><span class='ocrx_word' id='word_1_1' title='bbox 280 256 320 303; x_wconf 94' lang='lat'>10</span> <span class='ocrx_word' id='word_1_2' title='bbox 594 254 826 310; x_wconf 87' lang='lat' dir='ltr'>LUCRETIUS</span> 
     </span>
    </p>
   </div>
   <div class='ocr_carea' id='block_1_2' title="bbox 216 414 1222 2300">
    <p class='ocr_par' dir='ltr' id='par_1_2' title="bbox 276 414 910 491">
     <span class='ocr_line' id='line_1_2' title="bbox 276 414 910 491; baseline 0.005 -18"><span class='ocrx_word' id='word_1_3' title='bbox 276 415 306 473; x_wconf 93' lang='lat' dir='ltr'>iu</span> <span class='ocrx_word' id='word_1_4' title='bbox 320 432 422 490; x_wconf 85' lang='lat' dir='ltr'>parvas</span> <span class='ocrx_word' id='word_1_5' title='bbox 437 414 522 491; x_wconf 88' lang='lat' dir='ltr'>igitur</span> <span class='ocrx_word' id='word_1_6' title='bbox 534 415 623 490; x_wconf 85' lang='lat' dir='ltr'>partis</span> <span class='ocrx_word' id='word_1_7' title='bbox 637 414 811 491; x_wconf 88' lang='lat' dir='ltr'>dispergitur</span> <span class='ocrx_word' id='word_1_8' title='bbox 823 434 910 476; x_wconf 90' lang='lat' dir='ltr'>umor</span> 
     </span>
    </p>

    <p class='ocr_par' dir='ltr' id='par_1_3' title="bbox 272 505 1222 1125">
     <span class='ocr_line' id='line_1_3' title="bbox 275 505 916 581; baseline 0.006 -19"><span class='ocrx_word' id='word_1_9' title='bbox 275 524 348 579; x_wconf 91' lang='lat' dir='ltr'>quas</span> <span class='ocrx_word' id='word_1_10' title='bbox 362 506 440 565; x_wconf 92' lang='lat' dir='ltr'>oculi</span> <span class='ocrx_word' id='word_1_11' title='bbox 454 505 532 563; x_wconf 88' lang='lat' dir='ltr'>nulla</span> <span class='ocrx_word' id='word_1_12' title='bbox 545 516 668 581; x_wconf 88' lang='lat' dir='ltr'><strong>possunt</strong></span> <span class='ocrx_word' id='word_1_13' title='bbox 681 508 794 564; x_wconf 88' lang='lat' dir='ltr'>ratione</span> <span class='ocrx_word' id='word_1_14' title='bbox 808 506 916 567; x_wconf 89' lang='lat' dir='ltr'>videre.</span> 
     </span>
     <span class='ocr_line' id='line_1_4' title="bbox 275 595 1062 671; baseline 0.005 -19"><span class='ocrx_word' id='word_1_15' title='bbox 275 597 448 671; x_wconf 88' lang='lat' dir='ltr'>quinetiam</span> <span class='ocrx_word' id='word_1_16' title='bbox 464 597 559 653; x_wconf 89' lang='lat' dir='ltr'>multis</span> <span class='ocrx_word' id='word_1_17' title='bbox 574 596 640 655; x_wconf 92' lang='lat' dir='ltr'>solis</span> <span class='ocrx_word' id='word_1_18' title='bbox 654 595 844 654; x_wconf 86' lang='lat' dir='ltr'>redeuntibus</span> <span class='ocrx_word' id='word_1_19' title='bbox 857 597 941 667; x_wconf 83' lang='lat' dir='ltr'>annis</span> <span class='ocrx_word' id='word_1_20' title='bbox 996 633 1013 656; x_wconf 68' lang='lat'>‚-</span> <span class='ocrx_word' id='word_1_21' title='bbox 1034 628 1037 636; x_wconf 88' lang='lat'>·</span> <span class='ocrx_word' id='word_1_22' title='bbox 1059 634 1062 642; x_wconf 78' lang='lat'><em>,</em></span> 
     </span>
     <span class='ocr_line' id='line_1_5' title="bbox 275 686 952 761; baseline 0.004 -19"><span class='ocrx_word' id='word_1_23' title='bbox 275 686 377 743; x_wconf 92' lang='lat' dir='ltr'>anulus</span> <span class='ocrx_word' id='word_1_24' title='bbox 391 687 422 744; x_wconf 91' lang='lat' dir='ltr'>in</span> <span class='ocrx_word' id='word_1_25' title='bbox 436 686 527 761; x_wconf 86' lang='lat' dir='ltr'>digito</span> <span class='ocrx_word' id='word_1_26' title='bbox 543 688 641 745; x_wconf 89' lang='lat' dir='ltr'>subter</span> <span class='ocrx_word' id='word_1_27' title='bbox 655 695 791 744; x_wconf 85' lang='lat' dir='ltr'>tenuatur</span> <span class='ocrx_word' id='word_1_28' title='bbox 805 686 952 758; x_wconf 88' lang='lat' dir='ltr'>habend0‚</span> 
     </span>
     <span class='ocr_line' id='line_1_6' title="bbox 274 778 947 855; baseline 0.001 -20"><span class='ocrx_word' id='word_1_29' title='bbox 274 778 390 837; x_wconf 85' lang='lat' dir='ltr'>stilicidi</span> <span class='ocrx_word' id='word_1_30' title='bbox 405 798 489 839; x_wconf 91' lang='lat' dir='ltr'>casus</span> <span class='ocrx_word' id='word_1_31' title='bbox 503 778 632 855; x_wconf 80' lang='lat' dir='ltr'>lapidem</span> <span class='ocrx_word' id='word_1_32' title='bbox 646 789 740 850; x_wconf 88' lang='lat' dir='ltr'>cavat,</span> <span class='ocrx_word' id='word_1_33' title='bbox 755 798 848 838; x_wconf 91' lang='lat' dir='ltr'>uncus</span> <span class='ocrx_word' id='word_1_34' title='bbox 862 781 947 837; x_wconf 83' lang='lat' dir='ltr'>aratri</span> 
     </span>
     <span class='ocr_line' id='line_1_7' title="bbox 274 868 928 941; baseline 0.003 -16"><span class='ocrx_word' id='word_1_35' title='bbox 274 869 383 927; x_wconf 84' lang='lat' dir='ltr'>ferreus</span> <span class='ocrx_word' id='word_1_36' title='bbox 398 871 513 928; x_wconf 89' lang='lat' dir='ltr'>occulte</span> <span class='ocrx_word' id='word_1_37' title='bbox 527 868 672 927; x_wconf 88' lang='lat' dir='ltr'>decrescit</span> <span class='ocrx_word' id='word_1_38' title='bbox 685 888 788 927; x_wconf 92' lang='lat' dir='ltr'>vomer</span> <span class='ocrx_word' id='word_1_39' title='bbox 801 870 831 927; x_wconf 95' lang='lat' dir='ltr'>in</span> <span class='ocrx_word' id='word_1_40' title='bbox 845 870 928 941; x_wconf 82' lang='lat' dir='ltr'>arvis,</span> 
     </span>
     <span class='ocr_line' id='line_1_8' title="bbox 273 959 1222 1039; baseline 0.002 -23"><span class='ocrx_word' id='word_1_41' title='bbox 273 968 418 1034; x_wconf 73' lang='lat' dir='ltr'>strataque</span> <span class='ocrx_word' id='word_1_42' title='bbox 433 960 490 1017; x_wconf 88' lang='lat' dir='ltr'>iam</span> <span class='ocrx_word' id='word_1_43' title='bbox 503 960 580 1035; x_wconf 88' lang='lat' dir='ltr'>volgi</span> <span class='ocrx_word' id='word_1_44' title='bbox 593 959 720 1035; x_wconf 92' lang='lat' dir='ltr'>pedibus</span> <span class='ocrx_word' id='word_1_45' title='bbox 734 959 839 1017; x_wconf 84' lang='lat' dir='ltr'>detrita</span> <span class='ocrx_word' id='word_1_46' title='bbox 850 960 961 1018; x_wconf 90' lang='lat' dir='ltr'>viarum</span> <span class='ocrx_word' id='word_1_47' title='bbox 1133 980 1180 1033; x_wconf 81' lang='lat'>315</span> <span class='ocrx_word' id='word_1_48' title='bbox 1215 1022 1222 1039; x_wconf 49' lang='lat'>‚</span> 
     </span>
     <span class='ocr_line' id='line_1_9' title="bbox 272 1050 1005 1125; baseline 0.003 -19"><span class='ocrx_word' id='word_1_49' title='bbox 272 1066 359 1106; x_wconf 85' lang='lat' dir='ltr'>saxea</span> <span class='ocrx_word' id='word_1_50' title='bbox 373 1050 568 1123; x_wconf 87' lang='lat' dir='ltr'>conspicimus</span> <span class='ocrx_word' id='word_1_51' title='bbox 575 1071 588 1123; x_wconf 84' lang='lat'>·;</span> <span class='ocrx_word' id='word_1_52' title='bbox 609 1060 671 1108; x_wconf 92' lang='lat' dir='ltr'>tum</span> <span class='ocrx_word' id='word_1_53' title='bbox 685 1060 784 1125; x_wconf 87' lang='lat' dir='ltr'>portas</span> <span class='ocrx_word' id='word_1_54' title='bbox 797 1059 917 1125; x_wconf 90' lang='lat' dir='ltr'>propter</span> <span class='ocrx_word' id='word_1_55' title='bbox 930 1051 1005 1108; x_wconf 74' lang='lat' dir='ltr'>aliua</span> 
     </span>
    </p>

    <p class='ocr_par' dir='ltr' id='par_1_4' title="bbox 272 1139 941 1213">
     <span class='ocr_line' id='line_1_10' title="bbox 272 1139 941 1213; baseline 0.003 -17"><span class='ocrx_word' id='word_1_56' title='bbox 272 1139 355 1213; x_wconf 87' lang='lat' dir='ltr'>signa</span> <span class='ocrx_word' id='word_1_57' title='bbox 370 1158 472 1199; x_wconf 91' lang='lat' dir='ltr'>manus</span> <span class='ocrx_word' id='word_1_58' title='bbox 486 1140 601 1199; x_wconf 86' lang='lat' dir='ltr'>dextras</span> <span class='ocrx_word' id='word_1_59' title='bbox 616 1141 776 1199; x_wconf 91' lang='lat' dir='ltr'>ostendunt</span> <span class='ocrx_word' id='word_1_60' title='bbox 789 1140 941 1199; x_wconf 89' lang='lat' dir='ltr'>adtenuari</span> 
     </span>
    </p>

    <p class='ocr_par' dir='ltr' id='par_1_5' title="bbox 271 1231 1005 1306">
     <span class='ocr_line' id='line_1_11' title="bbox 271 1231 1005 1306; baseline 0.003 -20"><span class='ocrx_word' id='word_1_61' title='bbox 271 1247 360 1305; x_wconf 85' lang='lat' dir='ltr'>saepe</span> <span class='ocrx_word' id='word_1_62' title='bbox 374 1231 549 1288; x_wconf 83' lang='lat' dir='ltr'>salutantum</span> <span class='ocrx_word' id='word_1_63' title='bbox 564 1240 642 1289; x_wconf 85' lang='lat' dir='ltr'>tactu</span> <span class='ocrx_word' id='word_1_64' title='bbox 656 1241 831 1306; x_wconf 87' lang='lat' dir='ltr'>praeterque</span> <span class='ocrx_word' id='word_1_65' title='bbox 846 1241 1005 1289; x_wconf 89' lang='lat' dir='ltr'>meantum.</span> 
     </span>
    </p>

    <p class='ocr_par' dir='ltr' id='par_1_6' title="bbox 271 1318 1000 1395">
     <span class='ocr_line' id='line_1_12' title="bbox 271 1318 1000 1395; baseline 0.001 -19"><span class='ocrx_word' id='word_1_66' title='bbox 271 1318 345 1377; x_wconf 88' lang='lat' dir='ltr'>haee</span> <span class='ocrx_word' id='word_1_67' title='bbox 360 1320 445 1395; x_wconf 87' lang='lat' dir='ltr'>igitur</span> <span class='ocrx_word' id='word_1_68' title='bbox 459 1322 559 1393; x_wconf 88' lang='lat' dir='ltr'>minui,</span> <span class='ocrx_word' id='word_1_69' title='bbox 575 1340 642 1378; x_wconf 89' lang='lat' dir='ltr'>cum</span> <span class='ocrx_word' id='word_1_70' title='bbox 657 1323 715 1380; x_wconf 90' lang='lat' dir='ltr'>sint</span> <span class='ocrx_word' id='word_1_71' title='bbox 729 1322 843 1392; x_wconf 88' lang='lat' dir='ltr'>detrita,</span> <span class='ocrx_word' id='word_1_72' title='bbox 858 1320 1000 1378; x_wconf 89' lang='lat' dir='ltr'>videmus.</span> 
     </span>
    </p>

    <p class='ocr_par' dir='ltr' id='par_1_7' title="bbox 270 1410 1181 1576">
     <span class='ocr_line' id='line_1_13' title="bbox 270 1410 1181 1487; baseline 0.001 -20"><span class='ocrx_word' id='word_1_73' title='bbox 270 1410 324 1467; x_wconf 90' lang='lat' dir='ltr'>sed</span> <span class='ocrx_word' id='word_1_74' title='bbox 338 1428 413 1484; x_wconf 87' lang='lat' dir='ltr'>quae</span> <span class='ocrx_word' id='word_1_75' title='bbox 429 1429 552 1486; x_wconf 92' lang='lat' dir='ltr'>corpora</span> <span class='ocrx_word' id='word_1_76' title='bbox 565 1411 714 1470; x_wconf 87' lang='lat' dir='ltr'>decedant</span> <span class='ocrx_word' id='word_1_77' title='bbox 728 1412 758 1469; x_wconf 91' lang='lat' dir='ltr'>in</span> <span class='ocrx_word' id='word_1_78' title='bbox 772 1421 906 1487; x_wconf 89' lang='lat' dir='ltr'>tempore</span> <span class='ocrx_word' id='word_1_79' title='bbox 921 1429 1049 1485; x_wconf 89' lang='lat' dir='ltr'>quoque,</span> <span class='ocrx_word' id='word_1_80' title='bbox 1132 1431 1181 1482; x_wconf 87' lang='lat'>320</span> 
     </span>
     <span class='ocr_line' id='line_1_14' title="bbox 270 1499 941 1576; baseline 0.003 -19"><span class='ocrx_word' id='word_1_81' title='bbox 270 1499 369 1558; x_wconf 88' lang='lat' dir='ltr'>invida</span> <span class='ocrx_word' id='word_1_82' title='bbox 382 1501 537 1576; x_wconf 90' lang='lat' dir='ltr'>praeclusit</span> <span class='ocrx_word' id='word_1_83' title='bbox 551 1503 681 1576; x_wconf 89' lang='lat' dir='ltr'>speciem</span> <span class='ocrx_word' id='word_1_84' title='bbox 695 1511 800 1559; x_wconf 87' lang='lat' dir='ltr'>natura</span> <span class='ocrx_word' id='word_1_85' title='bbox 811 1501 941 1560; x_wconf 83' lang='lat' dir='ltr'>videndi.</span> 
     </span>
    </p>

    <p class='ocr_par' dir='ltr' id='par_1_8' title="bbox 269 1591 991 1666">
     <span class='ocr_line' id='line_1_15' title="bbox 269 1591 991 1666; baseline 0.004 -20"><span class='ocrx_word' id='word_1_86' title='bbox 269 1599 420 1665; x_wconf 90' lang='lat' dir='ltr'>postremo</span> <span class='ocrx_word' id='word_1_87' title='bbox 436 1609 640 1665; x_wconf 88' lang='lat' dir='ltr'>quaecumque</span> <span class='ocrx_word' id='word_1_88' title='bbox 652 1591 716 1651; x_wconf 89' lang='lat' dir='ltr'>dies</span> <span class='ocrx_word' id='word_1_89' title='bbox 729 1602 890 1666; x_wconf 88' lang='lat' dir='ltr'>naturaque</span> <span class='ocrx_word' id='word_1_90' title='bbox 904 1592 991 1650; x_wconf 88' lang='lat' dir='ltr'>rebus</span> 
     </span>
    </p>

    <p class='ocr_par' dir='ltr' id='par_1_9' title="bbox 268 1680 1006 1757">
     <span class='ocr_line' id='line_1_16' title="bbox 268 1680 1006 1757; baseline 0.007 -21"><span class='ocrx_word' id='word_1_91' title='bbox 268 1681 407 1755; x_wconf 82' lang='lat' dir='ltr'>paulatim</span> <span class='ocrx_word' id='word_1_92' title='bbox 423 1682 530 1751; x_wconf 89' lang='lat' dir='ltr'>tribuit,</span> <span class='ocrx_word' id='word_1_93' title='bbox 546 1680 721 1739; x_wconf 88' lang='lat' dir='ltr'>moderatim</span> <span class='ocrx_word' id='word_1_94' title='bbox 736 1700 869 1741; x_wconf 88' lang='lat' dir='ltr'>crescere</span> <span class='ocrx_word' id='word_1_95' title='bbox 884 1701 1006 1757; x_wconf 85' lang='lat' dir='ltr'>cogens,</span> 
     </span>
    </p>

    <p class='ocr_par' dir='ltr' id='par_1_10' title="bbox 268 1771 979 1847">
     <span class='ocr_line' id='line_1_17' title="bbox 268 1771 979 1847; baseline 0.004 -21"><span class='ocrx_word' id='word_1_96' title='bbox 268 1771 347 1828; x_wconf 88' lang='lat' dir='ltr'>nulla</span> <span class='ocrx_word' id='word_1_97' title='bbox 360 1780 457 1844; x_wconf 90' lang='lat' dir='ltr'>potest</span> <span class='ocrx_word' id='word_1_98' title='bbox 471 1771 624 1830; x_wconf 88' lang='lat' dir='ltr'>oculomm</span> <span class='ocrx_word' id='word_1_99' title='bbox 638 1772 717 1847; x_wconf 76' lang='lat' dir='ltr'>acies</span> <span class='ocrx_word' id='word_1_100' title='bbox 731 1781 872 1830; x_wconf 89' lang='lat' dir='ltr'>contenta</span> <span class='ocrx_word' id='word_1_101' title='bbox 886 1774 979 1845; x_wconf 86' lang='lat' dir='ltr'>tueri;</span> 
     </span>
    </p>

    <p class='ocr_par' dir='ltr' id='par_1_11' title="bbox 267 1860 1177 2034">
     <span class='ocr_line' id='line_1_18' title="bbox 268 1860 1177 1937; baseline 0 -20"><span class='ocrx_word' id='word_1_102' title='bbox 268 1878 325 1917; x_wconf 89' lang='lat' dir='ltr'>nec</span> <span class='ocrx_word' id='word_1_103' title='bbox 339 1878 426 1935; x_wconf 91' lang='lat' dir='ltr'>porro</span> <span class='ocrx_word' id='word_1_104' title='bbox 440 1879 644 1936; x_wconf 89' lang='lat' dir='ltr'>quaecumque</span> <span class='ocrx_word' id='word_1_105' title='bbox 658 1880 732 1919; x_wconf 90' lang='lat' dir='ltr'>aevo</span> <span class='ocrx_word' id='word_1_106' title='bbox 745 1860 899 1937; x_wconf 83' lang='lat' dir='ltr'>macieque</span> <span class='ocrx_word' id='word_1_107' title='bbox 914 1872 1081 1934; x_wconf 90' lang='lat' dir='ltr'>senescunt,</span> <span class='ocrx_word' id='word_1_108' title='bbox 1130 1880 1177 1934; x_wconf 79' lang='lat'>3²5</span> 
     </span>
     <span class='ocr_line' id='line_1_19' title="bbox 267 1952 1082 2034; baseline 0.009 -27"><span class='ocrx_word' id='word_1_109' title='bbox 267 1968 333 2023; x_wconf 87' lang='lat' dir='ltr'>nec,</span> <span class='ocrx_word' id='word_1_110' title='bbox 349 1969 428 2009; x_wconf 88' lang='lat' dir='ltr'>mare</span> <span class='ocrx_word' id='word_1_111' title='bbox 443 1970 518 2026; x_wconf 90' lang='lat' dir='ltr'>quae</span> <span class='ocrx_word' id='word_1_112' title='bbox 533 1952 705 2027; x_wconf 87' lang='lat' dir='ltr'>inpendent,</span> <span class='ocrx_word' id='word_1_113' title='bbox 719 1970 808 2034; x_wconf 68' lang='lat' dir='ltr'>vesco</span> <span class='ocrx_word' id='word_1_114' title='bbox 823 1953 881 2011; x_wconf 89' lang='lat' dir='ltr'>sale</span> <span class='ocrx_word' id='word_1_115' title='bbox 896 1972 965 2014; x_wconf 85' lang='lat' dir='ltr'>saxa</span> <span class='ocrx_word' id='word_1_116' title='bbox 978 1969 1082 2030; x_wconf 85' lang='lat' dir='ltr'>peresa</span> 
     </span>
    </p>

    <p class='ocr_par' dir='ltr' id='par_1_12' title="bbox 268 2041 1063 2210">
     <span class='ocr_line' id='line_1_20' title="bbox 268 2041 1063 2121; baseline 0.009 -23"><span class='ocrx_word' id='word_1_117' title='bbox 268 2041 341 2116; x_wconf 94' lang='lat' dir='ltr'>quid</span> <span class='ocrx_word' id='word_1_118' title='bbox 355 2060 473 2117; x_wconf 89' lang='lat' dir='ltr'>quoque</span> <span class='ocrx_word' id='word_1_119' title='bbox 488 2044 621 2101; x_wconf 85' lang='lat' dir='ltr'>amittant</span> <span class='ocrx_word' id='word_1_120' title='bbox 635 2044 665 2102; x_wconf 89' lang='lat' dir='ltr'>in</span> <span class='ocrx_word' id='word_1_121' title='bbox 679 2053 812 2119; x_wconf 89' lang='lat' dir='ltr'>tempore</span> <span class='ocrx_word' id='word_1_122' title='bbox 827 2063 946 2104; x_wconf 91' lang='lat' dir='ltr'>cernere</span> <span class='ocrx_word' id='word_1_123' title='bbox 960 2047 1063 2121; x_wconf 88' lang='lat' dir='ltr'>possis.</span> 
     </span>
     <span class='ocr_line' id='line_1_21' title="bbox 268 2133 918 2210; baseline 0.008 -22"><span class='ocrx_word' id='word_1_124' title='bbox 268 2133 439 2206; x_wconf 91' lang='lat' dir='ltr'>corporibus</span> <span class='ocrx_word' id='word_1_125' title='bbox 453 2134 548 2191; x_wconf 87' lang='lat' dir='ltr'>caecis</span> <span class='ocrx_word' id='word_1_126' title='bbox 562 2134 648 2208; x_wconf 88' lang='lat' dir='ltr'>igitur</span> <span class='ocrx_word' id='word_1_127' title='bbox 661 2144 763 2192; x_wconf 82' lang='lat' dir='ltr'>natura</span> <span class='ocrx_word' id='word_1_128' title='bbox 776 2136 849 2210; x_wconf 85' lang='lat' dir='ltr'>gerit</span> <span class='ocrx_word' id='word_1_129' title='bbox 862 2153 918 2194; x_wconf 89' lang='lat' dir='ltr'>res.</span> 
     </span>
    </p>

    <p class='ocr_par' dir='ltr' id='par_1_13' title="bbox 216 2224 1059 2300">
     <span class='ocr_line' id='line_1_22' title="bbox 216 2224 1059 2300; baseline 0.006 -20"><span class='ocrx_word' id='word_1_130' title='bbox 216 2240 219 2250; x_wconf 71' lang='lat'>¹</span> <span class='ocrx_word' id='word_1_131' title='bbox 309 2225 375 2281; x_wconf 90' lang='lat' dir='ltr'>Nec</span> <span class='ocrx_word' id='word_1_132' title='bbox 390 2234 489 2282; x_wconf 89' lang='lat' dir='ltr'>tamen</span> <span class='ocrx_word' id='word_1_133' title='bbox 502 2224 633 2299; x_wconf 90' lang='lat' dir='ltr'>undique</span> <span class='ocrx_word' id='word_1_134' title='bbox 648 2243 791 2299; x_wconf 86' lang='lat' dir='ltr'>corporea</span> <span class='ocrx_word' id='word_1_135' title='bbox 804 2227 909 2300; x_wconf 84' lang='lat' dir='ltr'>stipata</span> <span class='ocrx_word' id='word_1_136' title='bbox 922 2236 1059 2285; x_wconf 88' lang='lat' dir='ltr'>tenentur</span> 
     </span>
    </p>
   </div>
   <div class='ocr_carea' id='block_1_3' title="bbox 162 2303 1177 2389">
    <p class='ocr_par' dir='ltr' id='par_1_14' title="bbox 162 2303 1177 2389">
     <span class='ocr_line' id='line_1_23' title="bbox 162 2303 1177 2389; baseline 0.001 -18"><span class='ocrx_word' id='word_1_137' title='bbox 162 2303 172 2315; x_wconf 76' lang='grc'>”</span> <span class='ocrx_word' id='word_1_138' title='bbox 201 2306 206 2323; x_wconf 83' lang='grc'><strong>’</strong></span> <span class='ocrx_word' id='word_1_139' title='bbox 267 2315 366 2372; x_wconf 90' lang='lat' dir='ltr'>omnia</span> <span class='ocrx_word' id='word_1_140' title='bbox 379 2324 481 2372; x_wconf 88' lang='lat' dir='ltr'>natura</span> <span class='ocrx_word' id='word_1_141' title='bbox 491 2335 500 2387; x_wconf 88' lang='lat'>;</span> <span class='ocrx_word' id='word_1_142' title='bbox 521 2333 649 2389; x_wconf 89' lang='lat' dir='ltr'>namque</span> <span class='ocrx_word' id='word_1_143' title='bbox 663 2325 708 2373; x_wconf 86' lang='lat' dir='ltr'>est</span> <span class='ocrx_word' id='word_1_144' title='bbox 721 2316 752 2373; x_wconf 93' lang='lat' dir='ltr'>in</span> <span class='ocrx_word' id='word_1_145' title='bbox 765 2317 851 2374; x_wconf 92' lang='lat' dir='ltr'>rebus</span> <span class='ocrx_word' id='word_1_146' title='bbox 865 2317 962 2375; x_wconf 88' lang='lat' dir='ltr'>inane.</span> <span class='ocrx_word' id='word_1_147' title='bbox 1128 2336 1177 2387; x_wconf 87' lang='lat'>330</span> 
     </span>
    </p>
   </div>
   <div class='ocr_carea' id='block_1_4' title="bbox 264 2403 1174 3472">
    <p class='ocr_par' dir='ltr' id='par_1_15' title="bbox 267 2403 979 2480">
     <span class='ocr_line' id='line_1_24' title="bbox 267 2403 979 2480; baseline 0.004 -19"><span class='ocrx_word' id='word_1_148' title='bbox 267 2403 349 2478; x_wconf 91' lang='lat' dir='ltr'>quod</span> <span class='ocrx_word' id='word_1_149' title='bbox 363 2405 415 2462; x_wconf 88' lang='lat' dir='ltr'>tibi</span> <span class='ocrx_word' id='word_1_150' title='bbox 429 2423 572 2480; x_wconf 87' lang='lat' dir='ltr'>cognosse</span> <span class='ocrx_word' id='word_1_151' title='bbox 587 2406 617 2463; x_wconf 87' lang='lat' dir='ltr'>in</span> <span class='ocrx_word' id='word_1_152' title='bbox 631 2406 728 2464; x_wconf 89' lang='lat' dir='ltr'>multis</span> <span class='ocrx_word' id='word_1_153' title='bbox 743 2407 796 2463; x_wconf 90' lang='lat' dir='ltr'>erit</span> <span class='ocrx_word' id='word_1_154' title='bbox 809 2407 877 2463; x_wconf 90' lang='lat' dir='ltr'>utile</span> <span class='ocrx_word' id='word_1_155' title='bbox 892 2407 979 2464; x_wconf 91' lang='lat' dir='ltr'>rebus</span> 
     </span>
    </p>

    <p class='ocr_par' dir='ltr' id='par_1_16' title="bbox 266 2494 1046 2572">
     <span class='ocr_line' id='line_1_25' title="bbox 266 2494 1046 2572; baseline 0.004 -21"><span class='ocrx_word' id='word_1_156' title='bbox 266 2512 322 2551; x_wconf 89' lang='lat' dir='ltr'>nec</span> <span class='ocrx_word' id='word_1_157' title='bbox 337 2495 412 2551; x_wconf 84' lang='lat' dir='ltr'>sinet</span> <span class='ocrx_word' id='word_1_158' title='bbox 426 2505 569 2552; x_wconf 88' lang='lat' dir='ltr'>errantem</span> <span class='ocrx_word' id='word_1_159' title='bbox 583 2494 717 2553; x_wconf 87' lang='lat' dir='ltr'>dubitare</span> <span class='ocrx_word' id='word_1_160' title='bbox 731 2505 761 2552; x_wconf 91' lang='lat' dir='ltr'>et</span> <span class='ocrx_word' id='word_1_161' title='bbox 775 2514 914 2569; x_wconf 88' lang='lat' dir='ltr'>quaerere</span> <span class='ocrx_word' id='word_1_162' title='bbox 928 2514 1046 2572; x_wconf 90' lang='lat' dir='ltr'>semper</span> 
     </span>
    </p>

    <p class='ocr_par' dir='ltr' id='par_1_17' title="bbox 266 2584 963 2644">
     <span class='ocr_line' id='line_1_26' title="bbox 266 2584 963 2644; baseline 0.004 -3"><span class='ocrx_word' id='word_1_163' title='bbox 266 2584 305 2641; x_wconf 91' lang='lat' dir='ltr'>de</span> <span class='ocrx_word' id='word_1_164' title='bbox 319 2603 433 2642; x_wconf 88' lang='lat' dir='ltr'>summa</span> <span class='ocrx_word' id='word_1_165' title='bbox 446 2603 542 2642; x_wconf 90' lang='lat' dir='ltr'>rerum</span> <span class='ocrx_word' id='word_1_166' title='bbox 557 2595 587 2643; x_wconf 90' lang='lat' dir='ltr'>et</span> <span class='ocrx_word' id='word_1_167' title='bbox 600 2586 705 2643; x_wconf 90' lang='lat' dir='ltr'>nostris</span> <span class='ocrx_word' id='word_1_168' title='bbox 720 2584 853 2643; x_wconf 88' lang='lat' dir='ltr'>diffidere</span> <span class='ocrx_word' id='word_1_169' title='bbox 868 2586 963 2644; x_wconf 89' lang='lat' dir='ltr'>dictis.</span> 
     </span>
    </p>

    <p class='ocr_par' dir='ltr' id='par_1_18' title="bbox 264 2672 1174 3203">
     <span class='ocr_line' id='line_1_27' title="bbox 267 2672 1060 2754; baseline 0.005 -24"><span class='ocrx_word' id='word_1_170' title='bbox 267 2672 461 2751; x_wconf 90' lang='lat' dir='ltr'>[quapropter</span> <span class='ocrx_word' id='word_1_171' title='bbox 473 2676 555 2733; x_wconf 91' lang='lat' dir='ltr'>locus</span> <span class='ocrx_word' id='word_1_172' title='bbox 570 2685 614 2733; x_wconf 88' lang='lat' dir='ltr'>est</span> <span class='ocrx_word' id='word_1_173' title='bbox 627 2676 753 2734; x_wconf 89' lang='lat' dir='ltr'>intactus</span> <span class='ocrx_word' id='word_1_174' title='bbox 767 2676 852 2733; x_wconf 91' lang='lat' dir='ltr'>inane</span> <span class='ocrx_word' id='word_1_175' title='bbox 866 2674 1060 2754; x_wconf 81' lang='lat' dir='ltr'>vacansque]</span> 
     </span>
     <span class='ocr_line' id='line_1_28' title="bbox 265 2764 1174 2838; baseline 0.001 -16"><span class='ocrx_word' id='word_1_176' title='bbox 265 2764 382 2838; x_wconf 89' lang='lat' dir='ltr'>quodsi</span> <span class='ocrx_word' id='word_1_177' title='bbox 395 2784 456 2823; x_wconf 91' lang='lat' dir='ltr'>non</span> <span class='ocrx_word' id='word_1_178' title='bbox 470 2775 555 2838; x_wconf 89' lang='lat' dir='ltr'>esset,</span> <span class='ocrx_word' id='word_1_179' title='bbox 569 2766 647 2823; x_wconf 87' lang='lat' dir='ltr'>nulla</span> <span class='ocrx_word' id='word_1_180' title='bbox 660 2767 771 2824; x_wconf 90' lang='lat' dir='ltr'>ratione</span> <span class='ocrx_word' id='word_1_181' title='bbox 786 2766 897 2824; x_wconf 85' lang='lat' dir='ltr'>moveri</span> <span class='ocrx_word' id='word_1_182' title='bbox 1126 2785 1174 2837; x_wconf 80' lang='lat'>335</span> 
     </span>
     <span class='ocr_line' id='line_1_29' title="bbox 264 2855 1115 2931; baseline 0.001 -19"><span class='ocrx_word' id='word_1_183' title='bbox 264 2873 310 2913; x_wconf 93' lang='lat' dir='ltr'>res</span> <span class='ocrx_word' id='word_1_184' title='bbox 324 2867 464 2930; x_wconf 91' lang='lat' dir='ltr'>possent;</span> <span class='ocrx_word' id='word_1_185' title='bbox 485 2875 612 2930; x_wconf 89' lang='lat' dir='ltr'>namque</span> <span class='ocrx_word' id='word_1_186' title='bbox 627 2856 758 2913; x_wconf 90' lang='lat' dir='ltr'>officium</span> <span class='ocrx_word' id='word_1_187' title='bbox 772 2855 853 2930; x_wconf 92' lang='lat' dir='ltr'>quod</span> <span class='ocrx_word' id='word_1_188' title='bbox 868 2857 998 2931; x_wconf 90' lang='lat' dir='ltr'>corporis</span> <span class='ocrx_word' id='word_1_189' title='bbox 1012 2865 1115 2927; x_wconf 88' lang='lat' dir='ltr'>exstat,</span> 
     </span>
     <span class='ocr_line' id='line_1_30' title="bbox 266 2945 1091 3020; baseline 0.001 -16"><span class='ocrx_word' id='word_1_190' title='bbox 266 2945 384 3004; x_wconf 91' lang='lat' dir='ltr'>officere</span> <span class='ocrx_word' id='word_1_191' title='bbox 399 2955 487 3020; x_wconf 90' lang='lat' dir='ltr'>atque</span> <span class='ocrx_word' id='word_1_192' title='bbox 502 2947 626 3017; x_wconf 88' lang='lat' dir='ltr'>obstare,</span> <span class='ocrx_word' id='word_1_193' title='bbox 642 2945 673 3003; x_wconf 96' lang='lat' dir='ltr'>id</span> <span class='ocrx_word' id='word_1_194' title='bbox 687 2947 718 3003; x_wconf 94' lang='lat' dir='ltr'>in</span> <span class='ocrx_word' id='word_1_195' title='bbox 732 2947 960 3020; x_wconf 90' lang='lat' dir='ltr'>omnitempore</span> <span class='ocrx_word' id='word_1_196' title='bbox 975 2946 1091 3005; x_wconf 86' lang='lat' dir='ltr'>adesset</span> 
     </span>
     <span class='ocr_line' id='line_1_31' title="bbox 264 3036 1092 3112; baseline 0.001 -18"><span class='ocrx_word' id='word_1_197' title='bbox 264 3037 421 3109; x_wconf 88' lang='lat' dir='ltr'>omnibus;</span> <span class='ocrx_word' id='word_1_198' title='bbox 444 3036 523 3095; x_wconf 90' lang='lat' dir='ltr'>haud</span> <span class='ocrx_word' id='word_1_199' title='bbox 536 3037 622 3111; x_wconf 87' lang='lat' dir='ltr'>igitur</span> <span class='ocrx_word' id='word_1_200' title='bbox 633 3037 794 3110; x_wconf 88' lang='lat' dir='ltr'>quicquam</span> <span class='ocrx_word' id='word_1_201' title='bbox 807 3036 969 3111; x_wconf 91' lang='lat' dir='ltr'>procedere</span> <span class='ocrx_word' id='word_1_202' title='bbox 983 3047 1092 3112; x_wconf 91' lang='lat' dir='ltr'>posset,</span> 
     </span>
     <span class='ocr_line' id='line_1_32' title="bbox 264 3126 996 3203; baseline 0.003 -19"><span class='ocrx_word' id='word_1_203' title='bbox 264 3127 440 3203; x_wconf 91' lang='lat' dir='ltr'>principium</span> <span class='ocrx_word' id='word_1_204' title='bbox 455 3128 595 3201; x_wconf 89' lang='lat' dir='ltr'>quoniam</span> <span class='ocrx_word' id='word_1_205' title='bbox 609 3126 738 3184; x_wconf 91' lang='lat' dir='ltr'>cedendi</span> <span class='ocrx_word' id='word_1_206' title='bbox 751 3127 831 3184; x_wconf 87' lang='lat' dir='ltr'>nulla</span> <span class='ocrx_word' id='word_1_207' title='bbox 844 3126 927 3185; x_wconf 88' lang='lat' dir='ltr'>daret</span> <span class='ocrx_word' id='word_1_208' title='bbox 941 3146 996 3186; x_wconf 90' lang='lat' dir='ltr'>res.</span> 
     </span>
    </p>

    <p class='ocr_par' dir='ltr' id='par_1_19' title="bbox 264 3218 1174 3366">
     <span class='ocr_line' id='line_1_33' title="bbox 264 3218 1174 3292; baseline 0.002 -17"><span class='ocrx_word' id='word_1_209' title='bbox 264 3229 294 3277; x_wconf 89' lang='lat' dir='ltr'>at</span> <span class='ocrx_word' id='word_1_210' title='bbox 307 3237 386 3276; x_wconf 92' lang='lat' dir='ltr'>nunc</span> <span class='ocrx_word' id='word_1_211' title='bbox 400 3236 453 3292; x_wconf 91' lang='lat' dir='ltr'>per</span> <span class='ocrx_word' id='word_1_212' title='bbox 466 3218 556 3274; x_wconf 86' lang='lat' dir='ltr'>maria</span> <span class='ocrx_word' id='word_1_213' title='bbox 569 3236 604 3274; x_wconf 92' lang='lat' dir='ltr'>ac</span> <span class='ocrx_word' id='word_1_214' title='bbox 618 3227 708 3275; x_wconf 87' lang='lat' dir='ltr'>terras</span> <span class='ocrx_word' id='word_1_215' title='bbox 722 3218 903 3292; x_wconf 89' lang='lat' dir='ltr'>sublimaque</span> <span class='ocrx_word' id='word_1_216' title='bbox 918 3219 992 3277; x_wconf 91' lang='lat' dir='ltr'>caeli</span> <span class='ocrx_word' id='word_1_217' title='bbox 1125 3239 1174 3290; x_wconf 84' lang='lat'>340</span> 
     </span>
     <span class='ocr_line' id='line_1_34' title="bbox 264 3308 917 3366; baseline 0 -1"><span class='ocrx_word' id='word_1_218' title='bbox 264 3309 355 3366; x_wconf 80' lang='lat' dir='ltr'>multa</span> <span class='ocrx_word' id='word_1_219' title='bbox 369 3308 464 3366; x_wconf 91' lang='lat' dir='ltr'>modis</span> <span class='ocrx_word' id='word_1_220' title='bbox 478 3308 574 3364; x_wconf 89' lang='lat' dir='ltr'>multis</span> <span class='ocrx_word' id='word_1_221' title='bbox 586 3308 666 3364; x_wconf 87' lang='lat' dir='ltr'>varia</span> <span class='ocrx_word' id='word_1_222' title='bbox 678 3308 791 3365; x_wconf 89' lang='lat' dir='ltr'>ratione</span> <span class='ocrx_word' id='word_1_223' title='bbox 806 3309 917 3366; x_wconf 91' lang='lat' dir='ltr'>moveri</span> 
     </span>
    </p>

    <p class='ocr_par' dir='ltr' id='par_1_20' title="bbox 264 3398 1031 3472">
     <span class='ocr_line' id='line_1_35' title="bbox 264 3398 1031 3472; baseline 0.005 -18"><span class='ocrx_word' id='word_1_224' title='bbox 264 3400 409 3456; x_wconf 91' lang='lat' dir='ltr'>cemimus</span> <span class='ocrx_word' id='word_1_225' title='bbox 424 3408 491 3455; x_wconf 87' lang='lat' dir='ltr'>aute</span> <span class='ocrx_word' id='word_1_226' title='bbox 505 3398 616 3468; x_wconf 92' lang='lat' dir='ltr'>oculos,</span> <span class='ocrx_word' id='word_1_227' title='bbox 632 3416 717 3471; x_wconf 90' lang='lat' dir='ltr'>quae,</span> <span class='ocrx_word' id='word_1_228' title='bbox 732 3398 756 3454; x_wconf 90' lang='lat' dir='ltr'>si</span> <span class='ocrx_word' id='word_1_229' title='bbox 770 3416 831 3456; x_wconf 89' lang='lat' dir='ltr'>non</span> <span class='ocrx_word' id='word_1_230' title='bbox 845 3409 922 3457; x_wconf 91' lang='lat' dir='ltr'>esset</span> <span class='ocrx_word' id='word_1_231' title='bbox 935 3400 1031 3472; x_wconf 91' lang='lat' dir='ltr'>inane,</span> 
     </span>
    </p>
   </div>
   <div class='ocr_carea' id='block_1_5' title="bbox 263 3495 904 3569">
    <p class='ocr_par' dir='ltr' id='par_1_21' title="bbox 263 3495 904 3569">
     <span class='ocr_line' id='line_1_36' title="bbox 263 3495 904 3569; baseline 0.005 -17"><span class='ocrx_word' id='word_1_232' title='bbox 263 3513 325 3553; x_wconf 88' lang='lat' dir='ltr'>non</span> <span class='ocrx_word' id='word_1_233' title='bbox 339 3504 399 3553; x_wconf 84' lang='lat' dir='ltr'>tam</span> <span class='ocrx_word' id='word_1_234' title='bbox 413 3495 536 3555; x_wconf 85' lang='lat' dir='ltr'>sollicito</span> <span class='ocrx_word' id='word_1_235' title='bbox 551 3503 633 3552; x_wconf 89' lang='lat' dir='ltr'>motu</span> <span class='ocrx_word' id='word_1_236' title='bbox 648 3495 758 3569; x_wconf 90' lang='lat' dir='ltr'>privata</span> <span class='ocrx_word' id='word_1_237' title='bbox 771 3506 904 3555; x_wconf 89' lang='lat' dir='ltr'>carerent</span> 
     </span>
    </p>
   </div>
   <div class='ocr_carea' id='block_1_6' title="bbox 0 0 1400 4025">
    <p class='ocr_par' dir='ltr' id='par_1_22' title="bbox 0 0 1400 4025">
     <span class='ocr_line' id='line_1_37' title="bbox 0 0 1400 4025; baseline 0 5"><span class='ocrx_word' id='word_1_238' title='bbox 0 0 1400 4025; x_wconf 95' lang='lat' dir='ltr'> </span> 
     </span>
    </p>
   </div>
  </div>
 </body>
</html>
