2792 4025
207 293 280 366 ΙΙΙ.]
452 297 508 349 DE
534 297 681 351 RERUM
708 297 880 352 NATURA
1070 286 1112 366 89

205 460 380 518 conveniant
393 457 473 517 unde
487 477 546 517 una
559 459 719 532 recesserit,
734 459 793 517 hoc
807 467 907 517 tamen
921 466 1012 516 estut
1062 478 1108 530 725

205 551 406 625 quaerendum
420 550 552 608 videatur
566 560 596 609 et
611 550 641 608 in
656 549 813 607 discrimen
827 548 986 624 agendum,

203 650 299 698 utrum
314 640 434 698 tandem
448 641 563 698 animae
577 650 720 698 venentur
734 641 845 698 semina
859 658 995 715 quaeque

202 732 426 790 vermiculorum
441 731 580 806 ipsaeque
595 731 649 788 sibi
664 731 841 788 fabricentur
854 731 905 789 ubi
919 731 986 801 sint,

203 841 241 879 an
255 823 338 897 quasi
352 822 523 897 corporibus
537 821 673 896 perfectis
688 821 879 879 insinuentur.

201 922 232 970 at
244 907 342 988 neque
355 927 409 970 ‘cur
422 913 528 970 faciant
542 913 622 987 ipsae
637 931 763 987 quareve
777 913 910 970 laborent
1060 934 1108 984 730

202 1002 300 1061 dicere
315 1003 491 1078 suppeditat.
506 1021 602 1077 neque
617 1004 705 1074 enim,
722 1004 784 1060 sine
799 1021 922 1077 corpore
939 1022 1008 1060 curn
1022 1016 1099 1077 sunt,

118 1111 120 1114 ’
201 1095 340 1152 sollicitae
353 1095 474 1152 volitant
487 1094 595 1151 morbis
609 1093 734 1168 alguque
749 1094 904 1167 fameque;

201 1203 308 1259 corpus
322 1185 401 1242 enim
415 1185 506 1259 magis
521 1184 565 1242 his
580 1180 654 1242 vitiis
669 1183 767 1241 adfine
782 1183 894 1240 laborat
1008 1231 1023 1287 s

201 1285 231 1334 et
244 1275 321 1333 mala
334 1276 425 1332 multa
440 1276 554 1332 animus
569 1283 693 1348 contage
709 1275 836 1348 fungitur
850 1275 921 1331 eius,
1001 1292 1008 1307 ¹
1062 1283 1118 1315 “¹

200 1365 254 1424 sed
267 1375 367 1424 tamen
382 1365 426 1423 his
441 1375 503 1422 esto
518 1357 649 1440 quamvis
664 1365 759 1421 facere
773 1364 843 1421 utile
858 1382 974 1438 corpuS,
1058 1384 1104 1436 735

200 1475 269 1514 eum
283 1457 405 1515 subeant
415 1477 424 1529 3
446 1465 475 1513 at
490 1474 548 1530 qua
561 1455 674 1530 possint
687 1455 734 1512 via
747 1455 825 1512 nulla
838 1455 962 1512 videtur.

199 1547 270 1605 haut
283 1548 369 1622 igitur
381 1547 491 1604 faciunt
504 1547 620 1604 animae
634 1546 690 1604 sibi
705 1563 829 1620 corpora
843 1555 872 1602 et
886 1555 973 1603 artus.

134 1647 136 1651 ’
199 1655 256 1695 nec
270 1646 369 1696 tamen
383 1647 427 1696 est
440 1638 523 1711 utqui
537 1637 673 1712 perfectis
688 1636 870 1694 insinuentur

200 1729 389 1803 corporibus;
411 1746 507 1802 neque
523 1728 602 1785 enim
615 1736 755 1804 poterunt
768 1726 910 1800 suptiliter
924 1744 988 1784 esse

199 1837 330 1876 conexae
345 1836 441 1893 neque
456 1836 616 1876 consensus
631 1817 767 1892 contagia
779 1817 859 1874 fient.

157 1961 162 1968 .
176 1937 187 1992 s
239 1909 376 1983 Denique
391 1927 442 1965 cur
456 1909 529 1966 acris
542 1907 681 1966 violentia
695 1909 774 1964 triste
790 1907 910 1963 leonum

198 2000 352 2059 seminium
367 1999 504 2075 sequitur,
520 1999 621 2074 volpes
635 1998 730 2070 dolus,
745 2008 776 2056 et
789 1998 857 2073 fuga
870 2017 981 2070 cervos,

199 2099 228 2149 et
243 2091 300 2148 iam
314 2100 411 2147 cetera
425 2089 462 2147 de
477 2107 584 2164 genere
598 2089 657 2147 hoc
672 2108 725 2147 cur
738 2091 838 2147 omnia
851 2090 989 2147 membris

198 2199 236 2238 ex
249 2181 368 2239 ineunte
382 2198 455 2239 aevo
469 2189 661 2255 generascunt
675 2180 863 2253 ingenioque,

198 2272 222 2329 si
236 2288 306 2342 non,
320 2280 401 2328 certa
414 2288 466 2328 suo
481 2270 549 2344 quia
562 2270 673 2327 semine
688 2269 873 2344 seminioque

196 2362 239 2419 vis
253 2361 342 2419 animi
354 2362 461 2437 pariter
473 2361 577 2417 crescit
590 2379 658 2417 curn
674 2377 797 2435 corpore
811 2360 897 2417 toto?

198 2452 279 2528 quod
294 2452 318 2511 si
331 2452 489 2513 inmortalis
503 2452 577 2509 foret
591 2461 621 2508 et
633 2461 746 2508 mutare
761 2450 866 2507 soleret

197 2562 329 2619 corpora,
344 2544 492 2619 permixtis
507 2543 669 2600 animantes
683 2542 813 2600 moribus
827 2548 935 2612 essent,

197 2634 336 2710 effugeret
350 2635 430 2692 canis
445 2635 585 2709 Hyrcano
600 2632 638 2691 de
653 2632 765 2690 semine
780 2649 868 2705 saepe

121 2788 124 2794 ,
196 2726 339 2801 cornigeri
353 2726 501 2783 incursum
517 2724 595 2781 cervi
610 2733 804 2798 tremeretque
819 2740 871 2797 per
885 2740 968 2780 auras

196 2817 269 2875 aeris
283 2817 422 2891 accipiter
436 2816 548 2891 fugiens
563 2815 698 2873 veniente
714 2814 859 2884 columba,

196 2906 362 2982 desiperent
376 2906 518 2977 homines,
534 2916 669 2980 saperent
683 2906 743 2962 fera
757 2904 852 2961 saecla
867 2904 1001 2961 serarum.

195 2997 265 3055 illud
280 2998 358 3055 enirn
372 2998 442 3054 salsa
456 2998 544 3054 fertur
557 2997 678 3068 ratione,
695 2994 777 3066 quod
791 2995 871 3052 aiunt

195 3088 378 3146 inmortalem
393 3088 520 3145 animam
535 3096 645 3144 mutato
661 3104 784 3161 corpore
799 3085 885 3143 flecti.

196 3178 276 3253 quod
291 3188 417 3236 mutatur
430 3179 509 3235 enim
524 3177 696 3248 dissolvitur,
711 3177 809 3234 interit
823 3193 913 3249 ergo;

194 3269 363 3326 traiciuntur
377 3269 455 3326 enim
469 3278 565 3343 partes
580 3278 667 3343 atque
682 3266 785 3324 ordine
800 3266 944 3341 migrant3

195 3378 284 3434 quare
299 3358 418 3417 dissolui
433 3377 550 3434 quoque
565 3357 676 3416 debent
690 3375 777 3433 posse
791 3374 845 3432 per
859 3366 945 3426 artus,

195 3450 323 3526 denique
338 3460 370 3508 ut
383 3451 526 3507 intereant
538 3468 596 3506 una
611 3468 679 3506 curn
693 3466 816 3523 corpore
832 3457 966 3504 cunctae.

158 3539 161 3546 ’
195 3541 239 3599 sin
253 3541 363 3600 animas
378 3541 530 3599 hominum
545 3540 645 3598 dicent
658 3540 688 3597 in
704 3557 828 3614 corpora
842 3555 959 3612 semper
