2792 4025
218 297 281 369 1v.]
456 298 511 351 oi:
536 298 684 352 RRRuu
708 299 882 353 NATURA
1060 302 1116 367 131

215 476 333 534 unaque
341 476 387 517 res
398 458 473 517 haec
481 468 534 531 est,
545 459 628 519 cuius
637 478 728 535 quom
737 479 825 536 quam
834 462 959 538 plurima
967 462 1118 534 habemus,
1198 486 1209 506 ·

215 559 278 607 turn
293 550 384 625 magis
398 548 522 608 ardescit
536 550 599 608 dira
612 551 780 626 cuppedine
794 562 909 627 pectus.
1056 574 1119 627 1090

214 657 284 696 nam
298 639 381 697 cibus
394 649 482 715 atque
495 659 581 699 umor
594 643 732 701 membris
746 641 907 701 adsumitur
920 643 997 702 intus
1007 663 1017 717 ;

215 746 291 804 quae
306 730 446 804 quoniam
460 741 553 789 certas
567 742 690 806 possunt
703 731 839 792 obsidere
853 734 950 809 partis,

215 818 273 877 hoc
287 820 371 877 facile
386 820 518 895 expletur
531 821 650 880 laticum
664 822 837 897 frugumque
852 822 971 900 cupido.

215 928 253 967 ex
266 910 392 969 hominis
406 930 475 969 vero
490 912 563 970 facie
578 912 759 988 pulchroque
774 914 872 974 colore

214 1001 256 1060 nil
270 1000 353 1060 datur
367 1002 397 1059 in
412 1020 518 1077 corpus
532 1013 647 1078 praeter
660 1004 813 1062 simulacra
830 1004 986 1064 fruendum
1056 1024 1118 1079 ¹095

213 1092 330 1164 tenvia3
346 1109 421 1166 quae
435 1102 523 1151 vento
537 1110 604 1167 spes
618 1103 726 1168 raptast
739 1112 827 1170 saepe
842 1066 959 1154 misella.

214 1192 247 1240 ut
260 1182 360 1241 bibere
374 1182 528 1240 insomnis
543 1183 642 1242 sitiens
656 1202 747 1259 quom
761 1186 916 1259 quaeritet
930 1204 1016 1244 umor

214 1290 277 1330 non
290 1271 383 1343 datur,
398 1272 534 1331 ardorem
548 1274 599 1349 qui
613 1275 752 1333 membris
766 1275 911 1349 stinguere
925 1276 1027 1350 possit,

214 1362 269 1421 sed
282 1363 402 1421 laticum
416 1364 568 1422 simulacra
581 1365 654 1439 petit
667 1365 828 1440 frustraque
843 1365 954 1424 laborat

215 1454 246 1512 in
260 1453 417 1529 medioque
432 1454 491 1513 sitit
503 1456 623 1514 torrenti
638 1456 757 1513 flumine
772 1466 885 1531 potans,
1059 1478 1122 1513 1100

215 1544 303 1601 sicin
317 1562 417 1603 amore
432 1545 533 1604 Venus
548 1546 708 1604 simulacris
723 1545 796 1603 ludit
809 1546 933 1604 amantis

214 1651 272 1691 nec
285 1635 388 1693 satiare
402 1645 514 1710 queunt
527 1635 690 1710 spectando
705 1655 830 1711 corpora
843 1655 943 1695 coram

215 1742 273 1782 nec
287 1726 421 1784 manibus
437 1726 596 1802 quicquam
610 1728 717 1786 teneris
731 1726 872 1786 abradere
886 1726 1025 1786 membris

215 1826 339 1891 possunt
353 1827 481 1875 errantes
495 1818 597 1875 incerti
611 1836 735 1893 corpore
750 1828 820 1877 toto.

218 1905 346 1980 denique
361 1925 429 1964 cum
443 1908 582 1965 membris
597 1908 719 1967 conlatis
734 1907 803 1967 flore
818 1909 950 1967 fruuntur
1060 1925 1121 1979 1105

218 1996 329 2068 aetatis,
344 1996 402 2055 iam
416 2017 484 2055 cum
498 1999 642 2074 praesagit
655 1998 763 2076 gaudia
776 2018 883 2075 corpus

218 2095 306 2162 atque
319 2087 350 2144 in
364 2098 428 2146 eost
440 2089 542 2146 Venus
555 2099 588 2146 ut
601 2090 751 2148 muliebria
766 2100 900 2148 conserat
914 2109 990 2162 arva,

218 2177 350 2252 adfigunt
363 2177 447 2235 avide
461 2196 567 2253 corpus
581 2180 761 2255 iunguntque
776 2181 877 2239 salivas

218 2268 276 2326 oris
291 2277 320 2326 et
334 2268 473 2343 inspirant
486 2277 649 2343 pressantes
663 2268 801 2329 dentibus
815 2288 876 2343 ora,

217 2359 407 2434 nequiquam,
422 2359 562 2434 quoniam
576 2359 617 2417 nil
631 2359 701 2417 inde
715 2359 857 2418 abradere
871 2371 993 2436 possunt
1062 2382 1125 2418 1110

218 2467 276 2508 nec
289 2458 443 2524 penetrare
458 2458 488 2507 et
501 2448 580 2507 abire
594 2450 625 2507 in
639 2468 746 2525 corpus
761 2467 884 2524 corpore
899 2460 980 2524 toto;

217 2559 288 2600 nam
302 2540 397 2598 facere
411 2539 557 2599 interdum
570 2541 645 2598 velle
659 2551 688 2598 et
703 2551 812 2599 certare
826 2541 978 2601 videntur:

218 2648 312 2706 usque
326 2630 403 2688 adeo
417 2630 525 2706 cupide
540 2631 571 2689 in
583 2632 706 2690 Veneris
721 2633 913 2708 compagibus
927 2632 1057 2707 haerent,

220 2721 354 2780 membra
366 2721 523 2797 voluptatis
537 2722 610 2780 dum
622 2723 652 2780 vi
665 2723 809 2780 labefacta
822 2723 996 2797 liquescunt.

219 2811 340 2870 tandem
356 2812 405 2869 ubi
420 2830 451 2870 se
466 2813 560 2886 erupit
574 2813 669 2870 nervis
683 2813 818 2871 conlecta
832 2813 952 2889 cupido,
1064 2831 1124 2885 1115

220 2919 308 2977 parva
322 2902 354 2960 fit
368 2901 479 2960 ardoris
491 2902 611 2960 violenti
625 2921 717 2978 pausa
730 2913 894 2979 parumper.

220 2991 290 3050 inde
304 2990 380 3050 redit
393 2993 487 3050 rabies
502 2992 607 3050 eadem
622 3003 651 3050 et
665 2994 743 3050 furor
757 2994 802 3051 ille
817 2994 924 3065 revisit,

118 3130 121 3134 .
221 3100 290 3139 cum
304 3081 358 3140 sibi
373 3081 444 3156 quid
458 3083 579 3157 cupiant
592 3083 648 3158 ipsi
662 3083 832 3158 contingere
847 3092 999 3158 quaerunt,
1087 3089 1088 3093 ’

221 3189 277 3230 nec
292 3174 417 3248 reperire
432 3174 540 3231 malum
555 3173 585 3231 id
599 3184 723 3247 possunt
739 3191 814 3248 quae
828 3174 965 3231 machina
977 3174 1092 3230 vincat:

221 3263 404 3338 usqueadeo
419 3263 520 3321 incerti
533 3265 686 3322 tabescunt
701 3264 818 3322 volnere
833 3280 933 3321 caeco
1065 3282 1128 3318 1120

263 3352 349 3411 Adde
363 3352 446 3428 quod
460 3355 616 3412 absumunt
629 3355 695 3411 viris
709 3365 892 3429 pereuntque
906 3353 1014 3426 labore,

222 3442 300 3502 adde
315 3443 397 3520 quod
409 3444 526 3503 alterius
540 3445 595 3502 sub
609 3455 681 3502 nutu
697 3443 813 3519 degitur
826 3453 913 3502 aetas.

223 3534 327 3594 labitur
339 3535 451 3594 interea
464 3553 510 3594 res
523 3545 554 3594 et
568 3535 746 3611 Babylonica
760 3535 843 3606 fiunt,
