2792 4025
269 275 312 336 80
600 283 833 338 aucuerrus
1099 283 1173 354 [111.

269 455 310 517 ut,
325 445 451 504 lacerato
466 444 553 504 oculo
568 445 678 502 circum
693 445 718 502 si
731 443 842 519 pupula
855 427 962 501 mansit
1048 463 1052 472 ¹

270 536 434 608 incolumis,
449 545 505 594 stat
519 535 660 594 cernundi
674 535 769 593 vivata
782 544 922 610 potestas,

270 626 434 685 dummodo
448 645 486 684 ne
501 636 595 684 totum
610 644 780 701 corrumpas
794 625 910 683 luminis
923 625 1026 684 orbem

271 728 301 776 et
314 719 424 788 circum
439 717 544 775 caedas
559 717 652 774 aciem
667 717 818 790 solamque
832 717 978 790 relinquas
990 736 997 787 ;

270 808 302 867 id
316 827 434 883 quoque
449 808 527 866 enim
542 809 603 866 sine
618 808 746 882 pernicie
761 825 822 864 non
836 807 887 864 fiet
901 816 931 865 et
944 805 1036 865 orbei.

271 908 301 956 at
314 901 337 957 si
352 899 460 956 tantula
474 917 540 974 pars
555 898 632 956 oculi
647 897 745 955 media
759 898 807 955 illa
820 916 923 972 peresa
937 907 990 968 est,

271 989 380 1047 occidit
394 990 542 1065 extemplo
558 989 656 1046 lumen
670 988 868 1062 tenebraeque
882 997 1029 1059 secuntur,

271 1080 425 1138 incolumis
439 1080 569 1155 quamvis
584 1079 692 1154 aliquoi
707 1081 743 1137 sit
756 1078 928 1154 splendidus
941 1078 1029 1136 orbis.
1127 1100 1156 1145 4¹
1161 1096 1174 1149 5

272 1170 330 1228 hoc
344 1171 441 1228 anima
455 1179 542 1245 atque
557 1170 669 1227 animus
684 1170 774 1227 vincti
788 1178 855 1227 sunt
868 1168 988 1227 foedere
1003 1186 1127 1243 semper.

313 1263 402 1320 Nunc
416 1280 480 1336 age,
495 1261 606 1318 nativos
621 1260 815 1318 animantibus
830 1269 860 1317 et
874 1259 1002 1317 mortalis

271 1371 335 1411 esse
350 1353 462 1410 animos
477 1352 646 1426 animasque
660 1351 731 1409 levis
746 1359 778 1408 ut
792 1368 915 1408 noscere
929 1349 1034 1426 possis¹

272 1443 436 1518 conquisita
450 1442 500 1500 diu
515 1441 652 1516 dulcique
667 1450 782 1515 reperta
795 1441 895 1498 labore

272 1533 362 1608 digna
375 1543 425 1591 tua
437 1551 557 1608 pergam
573 1532 729 1607 disponere
744 1532 873 1589 carmina
888 1549 966 1589 cura.
1127 1551 1177 1599 420

272 1632 303 1681 tu
319 1624 364 1681 fac
377 1633 533 1698 utrumque
547 1642 608 1681 uno
623 1623 793 1696 subiungas
809 1622 929 1679 nomine
944 1639 1055 1694 eorum,

272 1724 360 1790 atque
375 1715 501 1772 animam
516 1714 595 1772 verbi
610 1731 779 1771 causacum
795 1712 892 1770 dicere
907 1730 1038 1788 pergam,

272 1805 424 1862 mortalem
440 1822 503 1862 esse
517 1804 639 1875 docens,
655 1804 786 1861 animum
800 1821 919 1877 quoque
934 1803 1035 1861 dicere
1049 1802 1162 1875 credas,

273 1905 415 1970 quatenus
430 1905 474 1952 est
487 1913 578 1953 unum
593 1895 667 1952 inter
681 1912 712 1952 se
727 1894 944 1967 coniunctaque
959 1912 1005 1952 res
1019 1904 1072 1953 est

208 1993 213 2008 '
272 1986 416 2063 principio
430 1986 568 2061 quoniam
583 1994 703 2044 tenuem
717 1994 850 2043 constare
865 1985 985 2044 minutis
1126 2003 1175 2056 4²5

188 2127 190 2133 .
272 2078 443 2153 corporibus
456 2076 546 2135 docui
561 2076 711 2151 multoque
726 2076 886 2133 minoribus
901 2093 965 2133 esse

272 2168 420 2245 principiis
435 2168 540 2225 factam
555 2185 643 2241 quam
657 2165 784 2241 liquidus
797 2184 883 2223 umor
896 2166 983 2240 aquai

272 2268 322 2316 aut
336 2259 443 2316 nebula
455 2266 505 2315 aut
519 2258 615 2315 fumus
627 2278 633 2314 :
643 2275 760 2314 —nam
775 2257 861 2331 longe
876 2256 1037 2315 mobilitate

222 2352 226 2361 '
272 2358 398 2424 praestat
413 2358 442 2405 et
455 2367 473 2405 a
486 2348 567 2405 tenui
581 2366 668 2405 causa
682 2348 774 2422 magis
788 2348 847 2404 icta
860 2356 1012 2420 movetur3

273 2440 383 2515 quippe
397 2439 447 2497 ubi
461 2438 633 2513 imaginibus
648 2438 720 2496 fumi
734 2437 918 2511 nebulaeque
933 2447 1084 2495 movetur:
1127 2458 1177 2508 430

273 2529 356 2606 quod
370 2549 461 2605 genus
476 2530 506 2587 in
520 2533 630 2588 somnis
644 2530 731 2604 sopiti
745 2529 795 2587 ubi
809 2529 955 2586 cernimus
969 2529 1026 2587 alte

273 2621 407 2678 exhalare
421 2639 560 2696 vaporem
574 2621 672 2678 altaria
686 2622 818 2694 ferreque
833 2620 965 2692 sumum3

272 2730 342 2769 nam
355 2712 459 2786 procul
472 2711 540 2768 hinc
554 2710 645 2769 dubio
659 2712 744 2769 nobis
758 2710 911 2769 simulacra
924 2719 1085 2784 genuntur:
1097 2742 1137 2753 -

272 2820 352 2859 nunc
366 2802 451 2877 igitur
465 2802 603 2876 quoniam
619 2801 760 2875 quassatis
773 2799 905 2875 undique
919 2801 995 2859 vasis
1053 2825 1056 2828 ·

273 2892 404 2950 diffluere
419 2910 552 2950 umorem
565 2902 595 2949 et
608 2892 724 2949 laticem
738 2890 890 2950 discedere
904 2892 1000 2950 cernis
1127 2910 1174 2962 435

273 2994 303 3041 et
313 2984 420 3042 nebula
434 3002 469 3040 ac
483 2984 579 3041 sumus
593 2982 733 3057 quoniam
748 2981 874 3040 discedit
888 2982 918 3040 in
933 3001 1024 3052 auras,

272 3073 361 3132 crede
376 3074 502 3131 animam
517 3090 636 3148 quoque
651 3071 775 3131 diffundi
790 3073 941 3147 multoque
954 3073 1048 3148 perire

273 3166 355 3224 ocius
370 3174 399 3222 et
413 3164 496 3222 citius
511 3164 628 3222 dissolvi
641 3163 672 3221 in
686 3181 810 3237 corpora
822 3164 925 3237 prima,

273 3275 342 3313 cum
355 3255 447 3313 semel
461 3273 498 3312 ex
512 3254 638 3312 hominis
652 3254 790 3311 membris
804 3254 899 3312 ablata
912 3254 1040 3311 recessit.

273 3346 383 3421 quippe
398 3345 506 3402 etenim
521 3362 637 3418 corpus,
649 3343 731 3418 quod
744 3362 794 3401 vas
809 3345 891 3418 quasi
905 3345 1034 3402 constitit
1047 3344 1119 3416 eius,
1127 3365 1177 3412 440

274 3454 362 3511 quarn
377 3435 515 3494 cohibere
530 3435 632 3509 nequit
646 3443 874 3508 conquassatum
888 3453 924 3492 ex
937 3435 1035 3509 aliqua
1047 3453 1079 3493 re

274 3545 310 3585 ac
324 3527 496 3585 rarefactum
511 3524 643 3583 detracto
658 3524 797 3599 sanguine
811 3525 902 3598 venis
