2792 4025
295 274 340 337 90
630 273 863 326 nuenarius
1126 275 1199 345 [111.
1380 266 1387 531 p

295 432 336 490 ire
350 431 485 504 humana,
500 440 600 490 tamen
614 450 753 506 quaeram
767 450 819 489 cur
832 450 849 489 e
863 432 988 509 sapienti

295 523 381 581 stulta
394 531 483 597 queat
496 523 567 594 fieri,
582 541 638 580 nec
653 521 783 598 prudens
797 523 833 580 sit
846 540 919 597 puer
933 524 1015 597 ullus,

294 621 423 671 nectam
438 611 543 670 doctus
557 631 651 686 equae
666 613 761 687 pullus
774 630 863 687 quarn
877 614 957 672 fortis
971 616 1040 689 equi
1053 616 1105 674 vis.

294 704 405 762 scilicet
419 703 448 761 in
462 712 564 760 tenero
579 712 761 760 tenerascere
776 721 900 778 corpore
914 715 1044 762 mentem
1149 713 1196 777 765

294 795 471 869 confugient.
493 792 574 868 quod
589 794 613 850 si
627 793 685 850 iam
700 794 741 865 fit,
756 794 862 852 fateare
876 806 1026 853 necessest

293 885 446 943 mortalem
460 903 523 942 esse
538 884 675 955 animam,
690 884 831 958 quoniam
844 895 954 942 mutata
967 903 1021 961 per
1033 896 1111 944 artus

293 983 374 1034 tanto
389 993 478 1050 opere
492 975 597 1032 amittit
609 975 700 1031 vitam
714 992 890 1049 sensumque
904 976 1041 1050 priorem.

293 1082 388 1140 quove
403 1065 494 1123 modo
508 1065 615 1140 poterit
628 1065 736 1139 pariter
749 1083 818 1122 curn
832 1083 954 1140 corpore
969 1084 1088 1141 quoque

292 1156 464 1214 confirmata
478 1157 608 1231 cupitum
623 1155 726 1212 aetatis
740 1165 858 1230 tangere
873 1156 976 1213 florem
1150 1178 1199 1226 770

291 1247 333 1304 vis
347 1247 445 1319 animi,
460 1247 513 1305 nisi
528 1247 582 1304 erit
596 1264 717 1304 consors
731 1246 761 1302 in
775 1246 885 1320 origine
899 1247 1013 1321 prima?

215 1379 219 1384 -
291 1337 398 1412 quidve
413 1338 488 1395 foras
502 1338 556 1396 sibi
570 1337 630 1394 vult
644 1337 782 1394 membris
796 1337 874 1394 exire
882 1338 1035 1396 -senectisl

291 1447 329 1485 an
342 1428 445 1486 metuit
460 1429 598 1485 conclusa
611 1445 730 1484 manere
745 1428 913 1502 incorpore
927 1428 1005 1503 putri

292 1528 321 1576 et
335 1518 441 1577 domus
456 1519 557 1576 aetatis
572 1519 666 1593 spatio
680 1536 718 1576 ne
733 1518 810 1575 fessa
822 1527 938 1576 vetusto

291 1609 414 1667 obruat?
434 1619 464 1667 at
478 1628 539 1666 non
553 1619 621 1667 sunt
635 1609 790 1666 immortali
804 1608 862 1666 ulla
875 1609 992 1684 pericla.
1149 1628 1196 1682 775

332 1700 469 1774 Denique
484 1700 612 1758 conubia
626 1698 664 1756 ad
678 1700 801 1757 Veneris
815 1710 972 1776 partusque
987 1701 1112 1760 ferarum

291 1806 355 1848 esse
369 1791 479 1847 animas
494 1800 609 1865 praesto
624 1789 818 1847 deridiculum
833 1808 896 1847 esse
910 1789 1034 1864 videtur,

291 1890 446 1955 expectare
461 1879 630 1938 immortalis
644 1881 776 1938 mortalia
790 1881 922 1939 membra

289 1970 443 2029 innumero
457 1989 579 2030 numero
594 1980 764 2047 certareque
779 1982 1039 2047 praeproperanter
1095 1959 1102 1970 ’

288 2061 364 2120 inter
377 2080 408 2119 se
423 2081 498 2138 quae
512 2063 606 2137 prima
619 2063 829 2138 potissimaque
844 2063 1023 2136 insinuetu13
1148 2071 1197 2131 780

289 2151 388 2211 sinon
402 2154 474 2211 forte
489 2153 530 2210 ita
543 2163 610 2211 sunt
624 2154 784 2210 animarum
799 2152 919 2210 foedera
932 2162 1020 2227 pacta

288 2250 322 2300 ut
335 2262 409 2318 quae
424 2244 518 2319 prima
530 2244 631 2302 volans
645 2243 797 2301 advenerit
811 2243 972 2301 insinuetur

288 2337 382 2411 prima
395 2355 491 2412 neque
507 2337 581 2395 inter
595 2355 625 2395 se
641 2335 823 2393 contendant
836 2336 943 2394 viribus
958 2335 1058 2394 hilum.

329 2428 465 2502 Denique
480 2429 510 2485 in
525 2427 642 2485 aethere
657 2446 717 2484 non
732 2428 826 2497 arbor,
841 2444 902 2483 non
916 2445 1044 2501 aequore
1058 2428 1089 2485 in
1102 2428 1160 2486 alto

288 2516 382 2575 nubes
397 2536 459 2576 esse
474 2527 585 2592 queunt
599 2536 655 2576 nec
669 2518 766 2593 pisces
780 2517 876 2574 vivere
890 2517 920 2574 in
935 2519 1008 2575 arvis
1148 2527 1194 2590 785

288 2626 345 2666 nec
359 2626 445 2665 cruor
458 2608 488 2665 in
503 2609 586 2683 lignis
601 2627 697 2683 neque
713 2608 788 2666 saxis
803 2626 890 2665 sucus
904 2607 1011 2667 inesse.

288 2708 400 2755 certum
415 2717 450 2756 ac
465 2698 665 2773 dispositumst
679 2699 729 2757 ubi
744 2699 876 2773 quicquit
890 2708 1002 2756 crescat
1016 2707 1046 2757 et
1060 2699 1136 2757 insit.

288 2788 330 2847 sic
344 2789 432 2846 animi
445 2799 547 2846 natura
560 2789 662 2863 nequit
676 2789 738 2846 sine
753 2806 877 2864 corpore
891 2789 959 2847 oriri

288 2878 349 2937 sola
362 2897 459 2953 neque
473 2898 491 2937 a
504 2880 598 2937 nervis
613 2889 643 2937 et
657 2880 798 2954 sanguine
813 2879 937 2955 longiter
950 2897 1024 2937 esse.

288 2967 370 3044 quod
384 2970 408 3027 si
425 2968 538 3044 (posset
553 2970 632 3027 enim
646 2970 738 3027 multo
752 2969 844 3046 prius)
863 2970 926 3044 ipsa
939 2970 1028 3027 animi
1042 2970 1085 3028 vis
1148 2991 1196 3043 790

287 3058 318 3117 in
332 3060 426 3134 capite
441 3068 491 3117 aut
505 3060 610 3118 umeris
625 3070 675 3118 aut
688 3061 754 3118 imis
768 3060 897 3117 calcibus
911 3078 976 3118 esse

287 3160 387 3226 posset
401 3160 430 3207 et
444 3150 555 3207 innasci
570 3152 670 3225 quavis
685 3151 715 3208 in
728 3161 819 3225 parte,
834 3150 941 3208 soleret

287 3239 407 3298 tandem
422 3241 452 3297 in
466 3240 574 3298 eodem
585 3241 705 3298 homine
720 3251 807 3315 atque
822 3242 852 3297 in
863 3240 971 3298 eodem
982 3258 1051 3299 vase
1066 3260 1194 3301 manere.

287 3330 367 3406 quod
383 3332 521 3405 quoniam
535 3342 635 3389 nostro
651 3349 770 3406 quoque
786 3340 900 3389 constat
914 3349 1038 3406 corpore
1054 3342 1167 3390 certum

287 3421 517 3497 dispositumque
533 3421 646 3479 videtur
659 3422 710 3479 ubi
725 3440 787 3479 esse
803 3431 832 3479 et
846 3440 978 3479 crescere
993 3424 1087 3497 possit
1147 3442 1193 3496 ⁷95

287 3532 398 3571 sorsum
413 3513 510 3571 anima
523 3523 610 3588 atque
626 3513 749 3585 animus,
764 3522 845 3570 tanto
861 3513 954 3588 magis
969 3513 1154 3573 infitiandum

1382 594 1387 807 l
