2792 4025
263 259 308 321 60
600 270 832 324 nuenarius
1112 272 1168 342 [11.

264 430 319 490 sed
332 431 430 506 magni
443 431 549 488 referre
563 431 740 506 caprimum
754 432 895 506 quantula
907 442 1052 504 constent,

263 522 368 583 sensile
383 539 457 596 quae
472 521 590 593 faciunt,
605 531 635 579 et
648 539 709 595 qua
720 522 779 580 sint
791 522 925 597 praedita
937 523 1039 595 forma,
1120 532 1167 595 895

263 612 391 670 motibus
405 611 554 669 ordinibus
569 612 705 685 posituris
718 611 847 686 denique
861 631 937 688 quae
952 614 1016 671 sint.

263 720 386 777 quarum
400 701 440 759 nil
454 720 549 758 rerum
564 703 594 758 in
608 701 692 776 lignis
706 701 875 777 glaebisque
888 702 1041 776 videmus;

263 802 405 850 ettamen
419 791 502 864 haec,
517 809 585 849 cum
600 801 669 850 sunt
682 793 764 866 quasi
778 793 940 867 putrefacta
953 812 1007 868 per
1018 795 1134 864 imbres,

261 882 435 941 vermiculos
450 883 574 958 pariunt,
589 884 659 957 quia
672 901 798 957 corpora
810 883 942 941 materiai

262 973 388 1047 antiquis
403 991 440 1030 ex
453 972 604 1030 ordinibus
618 982 753 1046 permota
766 991 842 1030 nova
855 991 887 1032 re
1119 997 1168 1046 900

262 1064 453 1120 conciliantur
466 1063 506 1120 ita
520 1072 552 1120 ut
566 1062 677 1120 debent
691 1063 827 1120 animalia
839 1063 928 1138 gigni.

262 1152 370 1211 deinde
385 1171 401 1210 e
417 1153 568 1212 sensilibus
583 1153 634 1227 qui
649 1153 754 1211 sensile
768 1171 856 1228 posse
871 1154 963 1212 creari

261 1245 449 1315 constituunt,
464 1262 552 1319 porro
566 1261 604 1302 ex
618 1244 679 1301 aliis
693 1244 801 1302 sentire
815 1244 890 1302 sueti

260 1426 358 1483 mollia
372 1443 440 1482 cum
451 1426 570 1484 faciunt.
591 1443 662 1482 nam
676 1443 778 1483 sensus
792 1423 918 1500 iungitur
931 1427 1028 1484 omnis

259 1516 418 1574 visceribus
431 1517 527 1573 nervis
541 1516 633 1585 veniS,
647 1533 724 1590 quae
741 1516 848 1590 cuique
862 1515 996 1574 videmus
1115 1537 1163 1590 905

241 1647 244 1652 -
261 1606 359 1664 mollia
372 1607 485 1663 mortali
499 1607 658 1663 consistere
673 1623 798 1680 corpore
811 1616 899 1664 creta.

261 1695 315 1754 sed
329 1706 428 1754 tamen
442 1706 504 1754 esto
519 1697 577 1753 iam
591 1713 679 1771 posse
695 1696 769 1753 haec
782 1706 901 1754 aeterna
914 1715 1052 1756 manere:

260 1804 369 1861 nempe
384 1796 483 1843 tamen
497 1787 607 1843 debent
621 1796 671 1844 aut
685 1804 804 1844 sensum
817 1787 906 1862 partis
920 1787 1028 1845 habere

261 1886 311 1934 aut
319 1877 404 1934 simili
417 1877 485 1934 totis
499 1877 671 1934 animalibus
686 1895 750 1934 esse
765 1877 869 1952 putari.
960 1922 962 1925 .

261 1977 291 2026 at
304 1976 452 2043 nequeant
465 1985 517 2043 per
531 1985 562 2026 se
576 1977 673 2043 partes
688 1969 794 2026 sentire
808 1986 929 2027 necesse
944 1978 1007 2042 est,
1116 1991 1166 2043 910

176 2117 180 2130 ,
260 2076 388 2133 namque
403 2059 459 2117 alio
473 2078 574 2117 sensus
589 2060 788 2118 membrorum
802 2060 919 2135 respicit
932 2060 1037 2132 omnis,

262 2167 319 2207 nec
333 2168 436 2207 manus
451 2168 469 2207 a
483 2150 567 2207 nobis
581 2150 658 2224 potis
673 2160 718 2207 est
732 2160 846 2207 secreta
858 2169 956 2226 neque
970 2151 1028 2208 ulla

260 2240 391 2315 corporis
406 2240 526 2298 omnino
541 2258 658 2298 sensum
674 2258 741 2315 pars
756 2241 818 2297 sola
831 2251 941 2299 tenere.

259 2329 398 2404 linquitur
411 2340 442 2388 ut
455 2331 523 2388 totis
538 2331 733 2388 animantibus
747 2330 965 2391 adsimulentur.

260 2420 303 2478 sic
317 2420 419 2478 itidem
434 2438 510 2494 quae
525 2422 666 2479 sentimus
681 2422 787 2479 sentire
801 2431 958 2494 necessest,
1116 2445 1146 2495 91
1150 2441 1164 2493 ς

259 2510 337 2569 vitali
351 2520 383 2568 ut
397 2512 509 2585 possint
523 2512 689 2569 consentire
703 2511 835 2587 undique
851 2530 947 2571 sensu.

193 2619 195 2624 ·
260 2602 311 2677 qui
324 2610 463 2676 poterunt
476 2602 561 2676 igitur
574 2620 670 2659 rerum
683 2602 843 2677 primordia
856 2602 916 2661 dici

260 2701 291 2750 et
304 2692 354 2749 leti
367 2692 455 2749 vitare
469 2692 539 2763 vias,
554 2693 689 2750 animalia
703 2712 770 2751 cnm
782 2695 848 2765 sint,

260 2781 357 2857 adque
372 2782 507 2840 animalia
520 2783 577 2840 sint
591 2784 760 2842 mortalibus
770 2802 829 2841 una
843 2783 1029 2859 eademque?

260 2872 342 2947 quod
357 2882 454 2929 tamen
469 2881 501 2929 ut
515 2874 637 2948 possint,
652 2884 681 2931 at
695 2885 783 2932 coetu
797 2876 982 2951 concilioque
1114 2899 1165 2951 920

260 2963 301 3019 nil
314 2963 421 3020 sacient
434 2973 549 3037 praeter
562 2965 680 3039 volgum
695 2965 869 3040 turbamque
884 2966 1072 3040 animantum,

260 3053 372 3110 scilicet
385 3062 417 3110 ut
430 3064 579 3127 nequeant
593 3055 728 3112 homines
742 3066 873 3113 armenta
886 3057 1022 3131 seraeque

260 3144 335 3201 inter
348 3161 412 3202 sese
426 3144 513 3203 ullam
528 3164 590 3203 rem
604 3146 722 3220 gignere
737 3146 953 3204 conveniund0.

261 3233 343 3309 quod
357 3235 381 3292 si
395 3235 469 3293 forte
483 3254 568 3293 suum
583 3236 735 3293 dimittunt
749 3255 871 3311 corpore
886 3256 1003 3295 sensum

260 3336 349 3400 atque
363 3326 451 3383 aliurn
466 3326 594 3401 capiunt,
610 3325 681 3400 quid
693 3345 768 3401 opus
779 3328 831 3384 fuit
842 3326 967 3386 adtribui
977 3328 1009 3386 id
1019 3328 1101 3403 quod
1114 3347 1162 3403 9²⁵

260 3415 440 3475 detrahitur?
460 3427 522 3474 turn
537 3426 696 3491 praeterea,
712 3436 771 3491 quo
786 3419 911 3492 fugimus
926 3430 1003 3491 ante,

261 3516 404 3581 quatenus
419 3508 449 3564 in
463 3508 557 3582 pullos
571 3506 702 3564 animalis
716 3508 820 3565 vertier
833 3527 888 3567 ova
