2792 4025
266 253 325 315 182
598 267 829 322 rueramus
1098 264 1164 337 [vr.

261 436 418 502 propterea
430 427 500 502 quia
513 436 691 487 concurrunt
704 427 828 486 sublime
841 425 973 484 volantes

262 516 407 575 aetheriae
421 518 514 576 nubes
528 528 631 575 contra
643 517 834 593 pugnantibu'
847 517 950 574 ventis.

262 625 319 664 nec
333 607 365 664 fit
378 611 456 665 enim
471 608 582 665 sonitus
596 608 670 665 caeli
684 607 723 665 de
737 617 818 682 parte
833 623 943 678 serena,

261 714 362 754 verum
376 697 554 771 ubicumque
569 698 661 773 magis
675 696 769 755 denso
784 706 851 755 sunt
864 697 981 772 agmine
995 696 1098 769 nubes,
1118 717 1165 754 100

261 796 321 845 tam
336 787 427 863 magis
441 786 510 845 hinc
523 805 631 862 magno
644 787 775 845 fremitus
789 788 821 845 lit
835 805 982 846 murmure
996 806 1094 863 saepe.

261 887 412 953 praeterea
424 894 521 952 neque
534 887 595 935 tam
608 875 763 935 condenso
776 894 901 953 corpore
915 877 1009 936 nubes

262 985 326 1025 esse
339 977 452 1043 queunt
465 986 553 1043 quam
568 977 635 1026 sunt
648 966 761 1041 lapides
774 984 811 1026 ae
824 968 913 1043 tigna,
927 986 1025 1043 neque
1039 978 1138 1027 autem

161 1088 169 1099 κ
261 1067 321 1116 tam
336 1067 438 1118 tenues
452 1077 541 1134 quam
555 1067 622 1117 sunt
635 1056 760 1116 nebulae
775 1057 907 1134 fumique
919 1058 1070 1132 volantes3

260 1166 331 1206 narn
346 1149 451 1207 cadere
464 1159 516 1206 aut
527 1150 614 1208 bmto
629 1147 772 1207 deberent
785 1147 918 1225 pondere
933 1166 1051 1224 pressae
1118 1165 1164 1221 105

260 1247 293 1296 ut
306 1237 427 1314 lapides,
442 1247 492 1297 aut
504 1248 538 1297 ut
550 1238 647 1297 fumus
661 1248 797 1297 constare
810 1239 966 1315 nequirent

260 1347 317 1387 nec
332 1329 469 1388 cohibere
482 1330 563 1387 nives
576 1328 687 1405 gelidas
701 1338 731 1387 et
744 1328 894 1405 grandinis
907 1330 1015 1388 imbris.

260 1419 333 1478 dant
346 1420 433 1477 etiam
447 1420 574 1479 sonitum
588 1419 679 1495 patuli
692 1438 779 1495 super
792 1437 920 1496 aequora
934 1417 1045 1490 mundi,

260 1510 397 1568 carbasus
410 1520 443 1567 ut
456 1509 607 1585 quondam
622 1510 735 1585 magnis
749 1510 859 1567 intenta
874 1509 992 1567 theatris

261 1600 312 1659 dat
326 1601 468 1676 crepitum
482 1600 574 1658 malos
589 1602 664 1658 inter
677 1601 783 1658 iactata
796 1600 952 1674 trabesque
963 1618 972 1673 ;
1117 1620 1165 1657 110

260 1690 406 1749 interdum
421 1691 563 1765 perscissa
576 1690 643 1749 furit
656 1690 852 1766 petulantibus
866 1690 941 1748 auris

260 1791 291 1839 et
304 1781 408 1856 fragilis
422 1781 533 1839 sonitus
547 1780 711 1838 chartarum
725 1780 969 1838 commeditatur:

260 1870 292 1929 id
306 1889 425 1946 quoque
439 1873 519 1930 enim
532 1889 624 1946 genus
638 1871 668 1928 in
682 1871 792 1929 tonitru
807 1888 987 1947 cognoscere
1002 1869 1116 1946 possis:

259 1970 309 2019 aut
322 1961 372 2019 ubi
386 1979 557 2037 suspensam
571 1969 684 2020 vestem
698 1960 848 2019 chartasve
861 1961 985 2020 volantis

258 2053 426 2111 verberibus
439 2052 518 2110 venti
531 2061 646 2110 versant
658 2051 859 2127 planguntque
873 2069 927 2127 per
939 2069 1033 2110 auras.
1117 2053 1147 2107 ri
1148 2069 1162 2122 5

259 2142 292 2200 fit
306 2160 424 2219 quoque
441 2143 520 2200 enim
533 2141 680 2200 interdum
694 2151 726 2200 ut
739 2159 801 2201 non
814 2151 874 2199 tam
888 2158 1060 2200 concurrere
1071 2141 1165 2201 nubes

258 2232 400 2291 frontibus
413 2232 542 2291 adversis
555 2233 668 2308 possint
682 2249 772 2306 quam
787 2230 825 2289 de
840 2233 929 2290 latere
943 2232 984 2290 ire

259 2323 374 2382 diverso
389 2333 470 2382 motu
484 2321 620 2382 radentes
634 2340 760 2397 corpora
772 2323 897 2394 tractim,

258 2413 355 2472 aridus
370 2413 448 2472 unde
462 2414 538 2471 auris
551 2422 644 2488 terget
657 2430 747 2470 sonus
760 2412 806 2470 ille
821 2411 931 2488 diuque

258 2503 383 2576 ducitur,
398 2504 530 2562 exierunt
543 2503 642 2562 donec
655 2503 822 2578 regionibus
837 2503 914 2560 artis.
1117 2522 1164 2558 120

299 2596 371 2653 Hoc
385 2595 473 2652 etiam
487 2603 576 2669 pacto
589 2594 697 2652 tonitru
714 2611 858 2651 concussa
869 2591 1006 2652 videntur

258 2685 358 2744 omnia
370 2702 458 2759 saepe
464 2667 552 2760 'gravi
565 2694 689 2742 tremere
704 2693 733 2742 et
747 2683 859 2742 divolsa
871 2693 994 2758 repente

160 2821 168 2838 e
257 2775 386 2833 maxima
398 2774 554 2833 dissiluisse
568 2775 686 2849 capacis
700 2775 817 2833 moenia
831 2773 944 2848 mundi,

258 2883 328 2922 cum
342 2865 438 2922 subito
451 2864 538 2922 validi
552 2865 632 2922 venti
646 2866 781 2923 conlecta
793 2863 924 2939 procella

257 2955 385 3013 nubibus
398 2954 511 3012 intorsit
525 2973 589 3013 sese
603 2956 801 3029 conclusaque
815 2953 927 3013 ibidem
1116 2970 1162 3023 125

258 3045 373 3102 turbine
386 3045 512 3102 versanti
526 3045 617 3120 magis
631 3063 666 3102 ac
680 3045 772 3120 magis
786 3043 918 3118 undique
931 3043 1042 3102 nubem

258 3135 338 3210 cogit
351 3135 393 3192 uti
406 3135 456 3192 fiat
470 3136 563 3210 spisso
577 3153 650 3193 cava
663 3153 787 3211 corpore
801 3135 922 3204 circum,

258 3233 327 3300 post
339 3225 389 3282 ubi
404 3225 577 3282 comminuit
589 3225 632 3282 vis
646 3225 708 3282 eius
722 3233 752 3282 et
766 3224 892 3298 impetus
907 3240 984 3296 acer,

258 3323 322 3372 tum
335 3315 545 3390 perterricrepo
559 3315 655 3372 sonitu
669 3313 722 3372 dat
735 3314 824 3372 scissa
837 3315 991 3388 fragorem.

258 3422 316 3463 nec
330 3404 444 3475 mirum,
458 3423 528 3462 curn
541 3403 629 3479 plena
642 3404 757 3461 animae
771 3403 920 3461 vensicula
933 3420 1022 3478 parva
1116 3421 1164 3472 130

259 3511 349 3571 saepe
363 3495 403 3552 ita
416 3494 467 3553 dat
480 3503 595 3553 torvum
609 3493 737 3551 sonitum
751 3493 879 3569 displosa
892 3501 1023 3568 repente.
