2792 4025
218 284 266 357 [v.
463 290 518 342 oa
539 290 685 345 nanum
713 291 886 346 NATURA
1062 291 1120 360 155

213 470 283 523 non,
298 451 427 527 inquam,
441 451 565 526 simplex
578 450 622 509 his
635 452 722 511 rebus
735 452 851 511 reddita
864 463 987 513 causast.
1071 462 1121 513 620

213 561 281 599 nam
296 542 357 599 fieri
370 542 417 600 vel
430 560 499 599 cum
512 541 612 618 primis
625 541 656 600 id
670 560 758 617 posse
771 542 897 616 videtur,

214 632 376 690 Democriti
390 631 471 707 quod
485 641 587 691 sancta
599 632 651 689 viri
665 634 811 692 sententia
824 634 917 709 ponit,

213 732 323 799 quanto
337 740 473 798 quaeque
487 724 578 798 magis
593 723 649 781 sint
663 733 768 781 terram
783 724 879 783 sidera
892 734 1019 803 propter,

212 822 294 870 tanto
308 830 395 887 posse
411 813 507 871 minus
521 831 590 870 cum
605 814 678 871 caeli
693 814 806 872 turbine
822 815 896 874 ferri.

140 948 159 972 ,
211 919 385 961 evanescere
399 903 478 961 enim
491 903 607 978 rapidas
620 904 693 962 illius
708 914 738 961 et
751 906 824 964 acris
1070 912 1102 963 62
1104 924 1118 978 5

211 993 344 1051 imminui
358 1003 458 1068 supter
469 994 545 1065 viriS,
560 993 688 1069 ideoque
705 995 828 1070 relinqui

211 1084 350 1159 paulatim
365 1085 457 1143 solem
472 1102 541 1141 cum
555 1085 756 1159 posterioribu'
772 1086 869 1160 signia,

211 1174 327 1233 inferior
341 1174 432 1232 multo
447 1173 529 1249 quod
543 1176 579 1233 sit
593 1193 682 1249 quam
696 1174 806 1233 fervida
819 1177 909 1251 signa

211 1274 242 1322 et
255 1265 346 1340 magis
360 1265 418 1322 hoc
432 1265 550 1322 lunam:
573 1274 684 1338 quanto
700 1264 852 1323 demissior
865 1266 927 1324 eius

211 1372 311 1413 cursus
325 1356 408 1413 abest
420 1354 524 1428 procul
536 1373 555 1412 a
569 1356 651 1413 caelo
665 1356 804 1431 terrisque
819 1358 1004 1431 propinquat,
1018 1433 1020 1437 Ι

211 1455 293 1503 tanto
308 1463 395 1520 posse
410 1445 506 1503 minus
519 1464 588 1503 cum
603 1446 691 1521 signis
706 1445 827 1504 tendere
843 1465 968 1504 cursum.

211 1535 377 1594 flaccidiore
392 1536 501 1593 etenim
515 1547 626 1611 quanto
640 1537 698 1593 iam
712 1536 826 1594 turbine
842 1536 931 1594 fertur

212 1625 330 1684 inferior
343 1643 432 1700 quam
446 1626 499 1698 sol,
514 1636 596 1685 tanto
611 1627 703 1702 magis
717 1627 816 1685 onmia
830 1627 912 1701 signa

211 1715 287 1773 hanc
302 1714 504 1798 adipiscuntur
517 1718 628 1775 circum
643 1726 815 1793 praeterque
830 1717 967 1775 seruntur.

211 1815 368 1881 propterea
380 1808 460 1865 fit'ut
473 1807 547 1865 haec
561 1807 599 1865 ad
614 1807 730 1883 signum
744 1806 885 1883 quodque
900 1808 1002 1865 reverti
1067 1815 1114 1879 635

211 1897 348 1955 mobilius
360 1897 502 1968 videatur,
515 1896 555 1955 ad
569 1897 646 1956 hanc
660 1898 729 1973 quia
742 1899 825 1973 signa
838 1898 974 1956 revisunt.

211 1986 246 2045 iit
259 2005 378 2065 quoque
392 1998 424 2046 ut
437 2005 455 2046 e
469 1987 571 2047 mundi
586 1989 739 2048 tranversis
753 1988 881 2064 partibus
895 1992 946 2050 aer

212 2077 328 2136 alternis
342 2088 423 2137 certo
436 2078 525 2136 fluere
538 2079 610 2136 alter
623 2090 756 2154 ternpore
770 2080 871 2154 possit,

213 2168 263 2243 qui
276 2177 365 2242 queat
378 2167 492 2226 aestivis
505 2168 598 2226 solem
611 2168 767 2226 detrudere
781 2169 869 2243 signis

211 2259 348 2317 brumalis
362 2276 455 2333 usque
469 2257 508 2316 ad
521 2258 612 2316 flexus
626 2258 814 2334 gelidumque
828 2259 962 2333 rigorem,

213 2358 243 2407 et
256 2350 307 2424 qui
320 2349 420 2407 reiciat
433 2348 535 2424 gelidis
549 2368 567 2406 a
580 2349 691 2424 frigoris
706 2349 814 2407 umbris

212 2440 360 2498 aestiferas
374 2458 467 2514 usque
482 2440 512 2497 in
526 2440 614 2514 partis
629 2449 659 2497 et
673 2438 783 2497 fervida
796 2439 887 2513 signa

213 2540 243 2588 et
256 2531 367 2589 ratione
381 2531 442 2605 pari
458 2530 555 2587 lunam
570 2531 725 2604 stellasque
739 2528 937 2604 putandumst,

213 2638 289 2695 quae
301 2621 422 2679 volvunt
435 2639 557 2696 magnos
571 2621 601 2678 in
615 2620 728 2695 magnis
742 2619 860 2678 orbibus
874 2637 978 2693 annos,

213 2711 327 2771 aeribus
340 2729 428 2787 posse
442 2711 558 2768 alternis
573 2729 589 2768 e
605 2711 732 2784 partibus
747 2710 797 2768 ire.

213 2819 313 2860 nonne
328 2801 410 2858 vides
425 2802 513 2858 etiam
527 2800 647 2859 diversis
661 2800 760 2859 nubila
773 2799 866 2858 ventis

214 2890 342 2950 diversas
356 2893 397 2949 ire
412 2892 442 2949 in
456 2892 545 2966 partis
560 2891 670 2949 inferna
684 2891 840 2966 supernis?

214 2982 265 3056 qui
279 2983 374 3040 minus
389 2982 436 3039 illa
450 2991 559 3057 queant
572 2999 626 3057 per
639 2999 761 3056 magnos
776 2980 899 3038 aetheris
914 2979 991 3040 orbis

214 3072 341 3130 aestibus
355 3072 430 3129 inter
443 3091 474 3130 se
489 3072 609 3130 diversis
624 3071 720 3130 sidera
734 3071 821 3129 ferri?

255 3165 294 3221 At
307 3181 367 3220 nox
380 3163 477 3220 obruit
491 3164 600 3238 ingenti
614 3163 737 3238 caligine
752 3172 850 3234 terras,

156 3252 166 3272 ‘
215 3262 265 3311 aut
278 3253 328 3311 ubi
342 3252 381 3310 de
395 3254 483 3328 longo
497 3271 583 3311 cursu
597 3252 641 3311 sol
654 3253 756 3310 ultima
770 3252 844 3310 caeli

215 3343 329 3418 impulit
341 3353 430 3418 atque
444 3361 512 3400 suos
526 3343 634 3401 efflavit
647 3341 801 3418 languidus
815 3341 889 3417 ignis

215 3451 376 3493 concussos
389 3433 460 3491 itere
474 3443 504 3491 et
517 3433 676 3491 labefactos
690 3438 757 3494 aete
771 3434 873 3503 multo,

215 3533 266 3582 aut
279 3523 348 3598 quia
361 3524 416 3582 sub
429 3531 518 3582 terras
532 3541 649 3581 cursum
663 3533 835 3590 convortere
849 3522 928 3598 cogit
