2792 4025
265 243 307 305 30
596 235 826 290 LUCRETIUS

305 401 375 476 Ipsa
388 397 509 458 modurn
524 415 611 474 porro
625 397 679 456 sibi
692 414 788 455 rerum
802 413 917 455 summa
930 412 1030 471 parare

264 509 302 549 ne
316 491 416 567 possit,
432 500 533 547 natura
546 497 634 559 tenet,
649 505 723 562 quae
738 505 844 562 corpus
858 486 936 544 inani

265 592 295 640 et
308 580 389 655 quod
404 581 488 638 inane
510 588 607 636 autem
622 587 666 636 est
679 577 754 635 liniri
769 594 892 651 corpore
907 576 995 652 cogit,
1100 596 1166 633 roro

264 679 297 729 ut
310 671 352 728 sic
366 670 480 728 alternis
494 668 605 726 infinita
619 668 718 726 omnia
730 666 843 740 reddat,

264 761 414 818 autetiam
429 760 602 828 alterutrum,
618 757 673 814 nisi
687 757 822 815 terminet
835 755 967 830 alterum,
982 774 1084 815 eorum

264 851 395 925 simplice
409 859 511 907 natura
524 858 621 925 pateat
634 857 732 905 tamen
747 846 973 906 inmoderatum.

701 947 720 984 a

263 1047 320 1088 nec
334 1047 412 1087 mare
427 1019 485 1087 nec
497 1029 580 1087 tellus
594 1046 690 1102 neque
705 1028 778 1085 caeli
791 1026 889 1085 lucida
901 1025 1012 1102 templa

263 1139 320 1179 nec
335 1120 453 1178 mortale
467 1137 558 1195 genus
571 1125 627 1176 nec
641 1118 741 1176 divum
754 1135 879 1193 corpora
892 1127 994 1176 sancta
1101 1134 1162 1188 1015

265 1210 400 1286 exiguum
414 1220 534 1286 possent
547 1209 628 1267 horai
642 1209 741 1266 sistere
756 1218 891 1283 tempus3

263 1318 332 1358 nam
346 1300 474 1375 dispulsa
487 1318 540 1358 suo
555 1297 593 1357 de
608 1309 694 1357 coetu
705 1298 836 1356 materiai

264 1391 349 1466 copia
362 1391 480 1448 serretur
493 1407 631 1464 magnum
645 1407 698 1464 per
711 1389 797 1446 inane
811 1388 914 1460 soluta,

264 1481 323 1539 sive
337 1479 413 1538 adeo
427 1481 523 1555 potius
537 1497 695 1553 numquam
710 1489 848 1537 concreta
857 1486 984 1538 creasset

264 1571 351 1628 ullam
365 1588 436 1642 rem,
452 1570 590 1645 quoniam
603 1569 669 1644 cogi
683 1568 805 1628 disiecta
817 1570 975 1645 nequisset.
1101 1589 1165 1625 1020

264 1677 333 1717 narn
347 1669 425 1718 certe
438 1677 535 1734 neque
550 1659 671 1717 consilio
684 1659 843 1734 primordia
855 1678 953 1718 rerum

264 1749 366 1808 ordine
381 1768 412 1808 se
426 1768 479 1808 suo
493 1767 626 1824 quaeque
641 1751 736 1824 sagaci
750 1760 849 1808 mente
863 1751 995 1808 locarunt

264 1858 321 1898 nec
335 1858 408 1914 quos
422 1857 555 1915 quaeque
569 1840 673 1897 darent
685 1850 781 1898 motus
795 1841 932 1916 pepigere
946 1839 1090 1915 proiecto,

264 1929 317 1989 sed
332 1931 399 2006 quia
413 1931 502 1988 multa
511 1929 607 1988 modis
621 1930 717 1988 multis
731 1941 841 1989 mutata
854 1949 907 2007 per
920 1949 1009 1989 omne

265 2041 302 2082 ex
312 2023 424 2081 infinito
437 2032 576 2080 vexantur
589 2023 700 2097 percita
712 2022 813 2098 plagis,
1102 2039 1163 2092 1025

265 2130 353 2171 omne
363 2130 459 2188 ‚genus
473 2122 569 2170 motus
584 2122 614 2170 et
626 2123 729 2171 coetus
743 2112 925 2189 experiundo

263 2202 383 2261 tandem
398 2202 555 2262 deveniunt
569 2203 599 2260 in
612 2203 675 2259 talis
688 2203 887 2278 disposituras,

264 2293 395 2368 qualibus
410 2292 482 2351 haec
496 2312 591 2351 rerum
606 2293 737 2351 consistit
750 2312 864 2351 summa
878 2303 984 2366 creata,

264 2394 295 2442 et
308 2384 413 2441 multos
427 2384 514 2441 etiam
529 2400 650 2458 magnos
664 2393 776 2441 servata
788 2402 841 2459 per
853 2402 947 2442 annos

264 2482 297 2531 ut
307 2473 397 2531 semel
410 2474 441 2530 in
453 2482 549 2530 motus
564 2474 723 2531 coniectast
733 2475 943 2546 convenientis,
1101 2497 1165 2547 1030

265 2564 356 2623 efficit
367 2573 400 2621 ut
413 2564 496 2638 largis
510 2563 626 2621 avidum
640 2582 720 2623 mare
734 2565 859 2624 fluminis
873 2565 959 2624 undis

264 2655 408 2729 integrent
421 2671 521 2711 amnes
535 2664 564 2712 et
578 2654 645 2712 solis
659 2664 734 2713 terra
746 2674 854 2731 vapore

265 2744 326 2802 sota
339 2752 428 2801 novet
442 2744 514 2801 setus
525 2744 734 2820 summissaque
748 2765 820 2822 gens
833 2747 1013 2805 animantum

265 2835 366 2894 floreat
379 2844 409 2892 et
421 2833 516 2891 vivant
530 2834 658 2893 labentes
673 2837 795 2895 aetheris
805 2837 888 2913 ignes
899 2859 906 2909 ;

265 2920 347 3001 quod
362 2924 440 2982 nullo
455 2924 583 2982 facerent
596 2936 692 2999 pacm,
708 2928 763 2985 nisi
776 2929 908 2986 materiai
1103 2950 1164 3002 ¹035

265 3034 302 3075 ex
316 3015 429 3073 infinito
444 3014 565 3072 suboriri
578 3016 665 3090 copia
678 3027 786 3092 posset,

264 3106 344 3165 unde
358 3105 463 3163 amissa
476 3105 571 3163 solent
584 3123 715 3180 reparare
729 3108 759 3166 in
773 3118 906 3185 tempore
919 3129 1064 3187 quaeque.

264 3216 334 3257 narn
347 3194 434 3255 veluti
449 3195 559 3269 privata
572 3196 639 3254 cibo
650 3207 751 3255 natura
763 3200 944 3259 animantum

264 3288 370 3347 diffluit
384 3286 519 3345 amittens
533 3303 648 3360 corpus,
664 3287 705 3344 sic
720 3290 820 3347 omnia
833 3290 943 3350 debent

264 3377 384 3438 dissolui
398 3376 482 3435 simul
496 3394 532 3434 ac
545 3376 652 3434 defecit
666 3379 851 3453 suppeditare

264 3470 398 3529 materies
412 3468 508 3543 aliqua
521 3468 632 3525 ratione
646 3486 746 3526 aversa
759 3469 824 3528 viai.
