<?xml version="1.0" encoding="UTF-8"?>
<!DOCTYPE html PUBLIC "-//W3C//DTD XHTML 1.0 Transitional//EN"
    "http://www.w3.org/TR/xhtml1/DTD/xhtml1-transitional.dtd">
<html xmlns="http://www.w3.org/1999/xhtml" xml:lang="en" lang="en">
 <head>
  <title>
</title>
<meta http-equiv="Content-Type" content="text/html;charset=utf-8" />
  <meta name='ocr-system' content='tesseract 3.04.00' />
  <meta name='ocr-capabilities' content='ocr_page ocr_carea ocr_par ocr_line ocrx_word'/>
</head>
<body>
  <div class='ocr_page' id='page_1' title='image "./tlucreticarider01kelsgoog_0169.png"; bbox 0 0 2792 4025; ppageno 0'>
   <div class='ocr_carea' id='block_1_1' title="bbox 238 271 1137 368">
    <p class='ocr_par' dir='ltr' id='par_1_1' title="bbox 238 271 1137 368">
     <span class='ocr_line' id='line_1_1' title="bbox 238 271 1137 368; baseline -0.006 -36"><span class='ocrx_word' id='word_1_1' title='bbox 238 280 304 368; x_wconf 86' lang='lat' dir='ltr'><strong>lV.]¹</strong></span> <span class='ocrx_word' id='word_1_2' title='bbox 478 279 532 332; x_wconf 91' lang='lat' dir='ltr'><strong>DE</strong></span> <span class='ocrx_word' id='word_1_3' title='bbox 559 280 707 333; x_wconf 89' lang='lat' dir='ltr'><strong>RERUM</strong></span> <span class='ocrx_word' id='word_1_4' title='bbox 735 271 906 332; x_wconf 85' lang='lat' dir='ltr'>NATURA</span> <span class='ocrx_word' id='word_1_5' title='bbox 1081 277 1137 344; x_wconf 81' lang='lat'><strong>105</strong></span> 
     </span>
    </p>
   </div>
   <div class='ocr_carea' id='block_1_2' title="bbox 219 439 1148 3601">
    <p class='ocr_par' dir='ltr' id='par_1_2' title="bbox 234 439 1141 606">
     <span class='ocr_line' id='line_1_2' title="bbox 234 439 1141 515; baseline -0.004 -17"><span class='ocrx_word' id='word_1_6' title='bbox 234 439 367 515; x_wconf 88' lang='lat' dir='ltr'><strong>undique</strong></span> <span class='ocrx_word' id='word_1_7' title='bbox 380 440 422 498; x_wconf 94' lang='lat' dir='ltr'><strong>uti</strong></span> <span class='ocrx_word' id='word_1_8' title='bbox 436 439 569 498; x_wconf 88' lang='lat' dir='ltr'><strong>tenebras</strong></span> <span class='ocrx_word' id='word_1_9' title='bbox 585 440 679 497; x_wconf 90' lang='lat' dir='ltr'><strong>omnis</strong></span> <span class='ocrx_word' id='word_1_10' title='bbox 694 439 861 497; x_wconf 85' lang='lat' dir='ltr'><strong>Acherunta</strong></span> <span class='ocrx_word' id='word_1_11' title='bbox 874 439 963 497; x_wconf 86' lang='lat' dir='ltr'><strong>rearis</strong></span> <span class='ocrx_word' id='word_1_12' title='bbox 1094 459 1141 504; x_wconf 89' lang='lat'><strong>170</strong></span> 
     </span>
     <span class='ocr_line' id='line_1_3' title="bbox 235 531 957 606; baseline 0.001 -17"><span class='ocrx_word' id='word_1_13' title='bbox 235 532 352 606; x_wconf 92' lang='lat' dir='ltr'>liquisse</span> <span class='ocrx_word' id='word_1_14' title='bbox 366 542 396 589; x_wconf 91' lang='lat' dir='ltr'><strong>et</strong></span> <span class='ocrx_word' id='word_1_15' title='bbox 409 549 528 606; x_wconf 85' lang='lat' dir='ltr'><strong>magnas</strong></span> <span class='ocrx_word' id='word_1_16' title='bbox 542 531 615 587; x_wconf 88' lang='lat' dir='ltr'><strong>caeli</strong></span> <span class='ocrx_word' id='word_1_17' title='bbox 630 531 794 604; x_wconf 84' lang='lat' dir='ltr'><strong>complesse</strong></span> <span class='ocrx_word' id='word_1_18' title='bbox 808 548 957 590; x_wconf 82' lang='lat' dir='ltr'><strong>cavernas.</strong></span> 
     </span>
    </p>

    <p class='ocr_par' dir='ltr' id='par_1_3' title="bbox 235 621 923 697">
     <span class='ocr_line' id='line_1_4' title="bbox 235 621 923 697; baseline -0.001 -17"><span class='ocrx_word' id='word_1_19' title='bbox 235 640 327 697; x_wconf 90' lang='lat' dir='ltr'><strong>usque</strong></span> <span class='ocrx_word' id='word_1_20' title='bbox 343 621 419 679; x_wconf 89' lang='lat' dir='ltr'><strong>adeo</strong></span> <span class='ocrx_word' id='word_1_21' title='bbox 433 631 525 679; x_wconf 87' lang='lat' dir='ltr'><strong>taetra</strong></span> <span class='ocrx_word' id='word_1_22' title='bbox 539 623 705 679; x_wconf 89' lang='lat' dir='ltr'>nimborum</span> <span class='ocrx_word' id='word_1_23' title='bbox 719 631 806 678; x_wconf 92' lang='lat' dir='ltr'><strong>nocte</strong></span> <span class='ocrx_word' id='word_1_24' title='bbox 821 631 923 679; x_wconf 88' lang='lat' dir='ltr'><strong>coorta</strong></span> 
     </span>
    </p>

    <p class='ocr_par' dir='ltr' id='par_1_4' title="bbox 234 711 889 787">
     <span class='ocr_line' id='line_1_5' title="bbox 234 711 889 787; baseline -0.002 -17"><span class='ocrx_word' id='word_1_25' title='bbox 234 712 397 787; x_wconf 92' lang='lat' dir='ltr'><strong>inpendent</strong></span> <span class='ocrx_word' id='word_1_26' title='bbox 411 721 489 770; x_wconf 89' lang='lat' dir='ltr'><strong>atrae</strong></span> <span class='ocrx_word' id='word_1_27' title='bbox 503 711 665 770; x_wconf 82' lang='lat' dir='ltr'><strong>formidinis</strong></span> <span class='ocrx_word' id='word_1_28' title='bbox 679 729 731 768; x_wconf 91' lang='lat' dir='ltr'><strong>ora</strong></span> <span class='ocrx_word' id='word_1_29' title='bbox 745 730 889 786; x_wconf 79' lang='lat' dir='ltr'><strong>supeme3</strong></span> 
     </span>
    </p>

    <p class='ocr_par' dir='ltr' id='par_1_5' title="bbox 236 801 1002 878">
     <span class='ocr_line' id='line_1_6' title="bbox 236 801 1002 878; baseline 0.001 -18"><span class='ocrx_word' id='word_1_30' title='bbox 236 821 361 878; x_wconf 91' lang='lat' dir='ltr'><strong>quorum</strong></span> <span class='ocrx_word' id='word_1_31' title='bbox 376 802 514 878; x_wconf 90' lang='lat' dir='ltr'><strong>quantula</strong></span> <span class='ocrx_word' id='word_1_32' title='bbox 528 821 593 877; x_wconf 89' lang='lat' dir='ltr'><strong>pars</strong></span> <span class='ocrx_word' id='word_1_33' title='bbox 608 803 644 859; x_wconf 92' lang='lat' dir='ltr'><strong>sit</strong></span> <span class='ocrx_word' id='word_1_34' title='bbox 659 802 755 876; x_wconf 86' lang='lat' dir='ltr'><strong>imago</strong></span> <span class='ocrx_word' id='word_1_35' title='bbox 770 801 869 860; x_wconf 88' lang='lat' dir='ltr'><strong>dicere</strong></span> <span class='ocrx_word' id='word_1_36' title='bbox 884 809 1002 861; x_wconf 86' lang='lat' dir='ltr'><strong>nemost</strong></span> 
     </span>
    </p>

    <p class='ocr_par' dir='ltr' id='par_1_6' title="bbox 219 891 1140 1058">
     <span class='ocr_line' id='line_1_7' title="bbox 235 891 1140 968; baseline -0.002 -18"><span class='ocrx_word' id='word_1_37' title='bbox 235 894 285 968; x_wconf 91' lang='lat' dir='ltr'><strong>qui</strong></span> <span class='ocrx_word' id='word_1_38' title='bbox 299 894 391 968; x_wconf 90' lang='lat' dir='ltr'><strong>possit</strong></span> <span class='ocrx_word' id='word_1_39' title='bbox 404 911 501 968; x_wconf 91' lang='lat' dir='ltr'><strong>neque</strong></span> <span class='ocrx_word' id='word_1_40' title='bbox 516 910 581 950; x_wconf 91' lang='lat' dir='ltr'><strong>eam</strong></span> <span class='ocrx_word' id='word_1_41' title='bbox 595 892 737 950; x_wconf 90' lang='lat' dir='ltr'><strong>rationem</strong></span> <span class='ocrx_word' id='word_1_42' title='bbox 751 891 875 950; x_wconf 88' lang='lat' dir='ltr'><strong>reddere</strong></span> <span class='ocrx_word' id='word_1_43' title='bbox 890 892 984 950; x_wconf 88' lang='lat' dir='ltr'><strong>dictis.</strong></span> <span class='ocrx_word' id='word_1_44' title='bbox 1094 908 1140 963; x_wconf 81' lang='lat'><strong>¹75</strong></span> 
     </span>
     <span class='ocr_line' id='line_1_8' title="bbox 219 983 1054 1058; baseline -0.005 -16"><span class='ocrx_word' id='word_1_45' title='bbox 219 1053 221 1056; x_wconf 22' lang='lat'>¹</span> <span class='ocrx_word' id='word_1_46' title='bbox 276 985 365 1042; x_wconf 92' lang='lat' dir='ltr'><strong>Nunc</strong></span> <span class='ocrx_word' id='word_1_47' title='bbox 379 1002 443 1058; x_wconf 86' lang='lat' dir='ltr'><strong>age,</strong></span> <span class='ocrx_word' id='word_1_48' title='bbox 457 1001 546 1058; x_wconf 90' lang='lat' dir='ltr'><strong>quam</strong></span> <span class='ocrx_word' id='word_1_49' title='bbox 561 984 648 1040; x_wconf 89' lang='lat' dir='ltr'><strong>celeri</strong></span> <span class='ocrx_word' id='word_1_50' title='bbox 662 993 745 1040; x_wconf 91' lang='lat' dir='ltr'><strong>motu</strong></span> <span class='ocrx_word' id='word_1_51' title='bbox 760 983 914 1040; x_wconf 86' lang='lat' dir='ltr'><strong>simulacra</strong></span> <span class='ocrx_word' id='word_1_52' title='bbox 926 983 1054 1041; x_wconf 86' lang='lat' dir='ltr'><strong>ferantur</strong></span> 
     </span>
    </p>

    <p class='ocr_par' dir='ltr' id='par_1_7' title="bbox 236 1073 881 1150">
     <span class='ocr_line' id='line_1_9' title="bbox 236 1073 881 1150; baseline -0.003 -17"><span class='ocrx_word' id='word_1_53' title='bbox 236 1085 266 1133; x_wconf 91' lang='lat' dir='ltr'><strong>et</strong></span> <span class='ocrx_word' id='word_1_54' title='bbox 279 1093 355 1150; x_wconf 90' lang='lat' dir='ltr'><strong>quae</strong></span> <span class='ocrx_word' id='word_1_55' title='bbox 369 1075 513 1133; x_wconf 83' lang='lat' dir='ltr'><strong>mobilitas</strong></span> <span class='ocrx_word' id='word_1_56' title='bbox 528 1074 590 1131; x_wconf 91' lang='lat' dir='ltr'><strong>ollis</strong></span> <span class='ocrx_word' id='word_1_57' title='bbox 604 1073 784 1130; x_wconf 88' lang='lat' dir='ltr'><strong>tranantibus</strong></span> <span class='ocrx_word' id='word_1_58' title='bbox 798 1091 881 1131; x_wconf 88' lang='lat' dir='ltr'><strong>auras</strong></span> 
     </span>
    </p>

    <p class='ocr_par' dir='ltr' id='par_1_8' title="bbox 234 1163 989 1240">
     <span class='ocr_line' id='line_1_10' title="bbox 234 1163 989 1240; baseline -0.005 -16"><span class='ocrx_word' id='word_1_59' title='bbox 234 1165 350 1225; x_wconf 86' lang='lat' dir='ltr'><strong>reddita</strong></span> <span class='ocrx_word' id='word_1_60' title='bbox 363 1166 408 1237; x_wconf 87' lang='lat' dir='ltr'><strong>sit,</strong></span> <span class='ocrx_word' id='word_1_61' title='bbox 422 1166 511 1240; x_wconf 88' lang='lat' dir='ltr'><strong>longo</strong></span> <span class='ocrx_word' id='word_1_62' title='bbox 525 1165 619 1238; x_wconf 89' lang='lat' dir='ltr'><strong>spatio</strong></span> <span class='ocrx_word' id='word_1_63' title='bbox 634 1174 666 1221; x_wconf 89' lang='lat' dir='ltr'><strong>ut</strong></span> <span class='ocrx_word' id='word_1_64' title='bbox 679 1163 773 1221; x_wconf 85' lang='lat' dir='ltr'><strong>brevis</strong></span> <span class='ocrx_word' id='word_1_65' title='bbox 788 1163 860 1221; x_wconf 89' lang='lat' dir='ltr'><strong>hora</strong></span> <span class='ocrx_word' id='word_1_66' title='bbox 873 1172 989 1235; x_wconf 89' lang='lat' dir='ltr'><strong>teratur,</strong></span> 
     </span>
    </p>

    <p class='ocr_par' dir='ltr' id='par_1_9' title="bbox 234 1253 1142 1602">
     <span class='ocr_line' id='line_1_11' title="bbox 234 1253 1042 1331; baseline -0.006 -16"><span class='ocrx_word' id='word_1_67' title='bbox 234 1258 266 1315; x_wconf 91' lang='lat' dir='ltr'><strong>in</strong></span> <span class='ocrx_word' id='word_1_68' title='bbox 280 1275 369 1331; x_wconf 91' lang='lat' dir='ltr'><strong>quem</strong></span> <span class='ocrx_word' id='word_1_69' title='bbox 384 1273 518 1330; x_wconf 92' lang='lat' dir='ltr'><strong>quaeque</strong></span> <span class='ocrx_word' id='word_1_70' title='bbox 532 1256 630 1312; x_wconf 92' lang='lat' dir='ltr'><strong>locum</strong></span> <span class='ocrx_word' id='word_1_71' title='bbox 645 1253 760 1311; x_wconf 89' lang='lat' dir='ltr'><strong>diverso</strong></span> <span class='ocrx_word' id='word_1_72' title='bbox 773 1254 893 1312; x_wconf 91' lang='lat' dir='ltr'><strong>nomine</strong></span> <span class='ocrx_word' id='word_1_73' title='bbox 908 1253 1042 1325; x_wconf 84' lang='lat' dir='ltr'><strong>tendunt,</strong></span> 
     </span>
     <span class='ocr_line' id='line_1_12' title="bbox 236 1343 1142 1422; baseline -0.006 -17"><span class='ocrx_word' id='word_1_74' title='bbox 236 1347 390 1406; x_wconf 85' lang='lat' dir='ltr'><strong>suavidicis</strong></span> <span class='ocrx_word' id='word_1_75' title='bbox 403 1347 499 1422; x_wconf 92' lang='lat' dir='ltr'><strong>potius</strong></span> <span class='ocrx_word' id='word_1_76' title='bbox 514 1363 601 1420; x_wconf 89' lang='lat' dir='ltr'><strong>quam</strong></span> <span class='ocrx_word' id='word_1_77' title='bbox 616 1345 714 1402; x_wconf 90' lang='lat' dir='ltr'><strong>multis</strong></span> <span class='ocrx_word' id='word_1_78' title='bbox 728 1345 857 1402; x_wconf 91' lang='lat' dir='ltr'><strong>versibus</strong></span> <span class='ocrx_word' id='word_1_79' title='bbox 871 1343 979 1417; x_wconf 81' lang='lat' dir='ltr'><strong>edam3</strong></span> <span class='ocrx_word' id='word_1_80' title='bbox 1095 1350 1142 1400; x_wconf 88' lang='lat'><strong>180</strong></span> 
     </span>
     <span class='ocr_line' id='line_1_13' title="bbox 236 1434 1053 1514; baseline -0.006 -18"><span class='ocrx_word' id='word_1_81' title='bbox 236 1456 340 1514; x_wconf 77' lang='lat' dir='ltr'><strong>parvus</strong></span> <span class='ocrx_word' id='word_1_82' title='bbox 353 1447 386 1495; x_wconf 90' lang='lat' dir='ltr'><strong>ut</strong></span> <span class='ocrx_word' id='word_1_83' title='bbox 399 1447 443 1495; x_wconf 90' lang='lat' dir='ltr'><strong>est</strong></span> <span class='ocrx_word' id='word_1_84' title='bbox 457 1437 541 1512; x_wconf 88' lang='lat' dir='ltr'><strong>cycni</strong></span> <span class='ocrx_word' id='word_1_85' title='bbox 556 1436 659 1493; x_wconf 91' lang='lat' dir='ltr'><strong>melior</strong></span> <span class='ocrx_word' id='word_1_86' title='bbox 672 1453 772 1505; x_wconf 88' lang='lat' dir='ltr'><strong>canor,</strong></span> <span class='ocrx_word' id='word_1_87' title='bbox 787 1434 833 1492; x_wconf 91' lang='lat' dir='ltr'><strong>ille</strong></span> <span class='ocrx_word' id='word_1_88' title='bbox 847 1453 949 1510; x_wconf 86' lang='lat' dir='ltr'><strong>gruum</strong></span> <span class='ocrx_word' id='word_1_89' title='bbox 964 1451 1053 1509; x_wconf 90' lang='lat' dir='ltr'><strong>quam</strong></span> 
     </span>
     <span class='ocr_line' id='line_1_14' title="bbox 236 1525 948 1602; baseline -0.006 -16"><span class='ocrx_word' id='word_1_90' title='bbox 236 1529 346 1586; x_wconf 89' lang='lat' dir='ltr'><strong>clamor</strong></span> <span class='ocrx_word' id='word_1_91' title='bbox 360 1529 387 1586; x_wconf 93' lang='lat' dir='ltr'><strong>in</strong></span> <span class='ocrx_word' id='word_1_92' title='bbox 403 1527 536 1585; x_wconf 89' lang='lat' dir='ltr'><strong>aetheriis</strong></span> <span class='ocrx_word' id='word_1_93' title='bbox 549 1526 696 1602; x_wconf 90' lang='lat' dir='ltr'><strong>dispersus</strong></span> <span class='ocrx_word' id='word_1_94' title='bbox 711 1526 837 1584; x_wconf 91' lang='lat' dir='ltr'><strong>nubibus</strong></span> <span class='ocrx_word' id='word_1_95' title='bbox 850 1525 948 1583; x_wconf 88' lang='lat' dir='ltr'><strong>austri.</strong></span> 
     </span>
    </p>

    <p class='ocr_par' dir='ltr' id='par_1_10' title="bbox 235 1617 911 1695">
     <span class='ocr_line' id='line_1_15' title="bbox 235 1617 911 1695; baseline -0.004 -18"><span class='ocrx_word' id='word_1_96' title='bbox 235 1620 380 1695; x_wconf 91' lang='lat' dir='ltr'><strong>principio</strong></span> <span class='ocrx_word' id='word_1_97' title='bbox 393 1636 533 1694; x_wconf 88' lang='lat' dir='ltr'><strong>persaepe</strong></span> <span class='ocrx_word' id='word_1_98' title='bbox 548 1618 617 1676; x_wconf 90' lang='lat' dir='ltr'><strong>levis</strong></span> <span class='ocrx_word' id='word_1_99' title='bbox 631 1636 676 1675; x_wconf 90' lang='lat' dir='ltr'><strong>res</strong></span> <span class='ocrx_word' id='word_1_100' title='bbox 690 1627 780 1692; x_wconf 90' lang='lat' dir='ltr'><strong>atque</strong></span> <span class='ocrx_word' id='word_1_101' title='bbox 794 1617 911 1674; x_wconf 91' lang='lat' dir='ltr'><strong>minutis</strong></span> 
     </span>
    </p>

    <p class='ocr_par' dir='ltr' id='par_1_11' title="bbox 236 1705 909 1786">
     <span class='ocr_line' id='line_1_16' title="bbox 236 1705 909 1786; baseline -0.004 -19"><span class='ocrx_word' id='word_1_102' title='bbox 236 1711 407 1786; x_wconf 89' lang='lat' dir='ltr'><strong>corporibus</strong></span> <span class='ocrx_word' id='word_1_103' title='bbox 420 1710 509 1767; x_wconf 84' lang='lat' dir='ltr'><strong>factas</strong></span> <span class='ocrx_word' id='word_1_104' title='bbox 524 1709 625 1766; x_wconf 91' lang='lat' dir='ltr'><strong>celeris</strong></span> <span class='ocrx_word' id='word_1_105' title='bbox 639 1708 709 1766; x_wconf 91' lang='lat' dir='ltr'><strong>lieet</strong></span> <span class='ocrx_word' id='word_1_106' title='bbox 722 1726 786 1766; x_wconf 89' lang='lat' dir='ltr'><strong>esse</strong></span> <span class='ocrx_word' id='word_1_107' title='bbox 799 1705 909 1764; x_wconf 90' lang='lat' dir='ltr'><strong>videre.</strong></span> 
     </span>
    </p>

    <p class='ocr_par' dir='ltr' id='par_1_12' title="bbox 236 1797 1142 1966">
     <span class='ocr_line' id='line_1_17' title="bbox 236 1797 1142 1875; baseline -0.007 -17"><span class='ocrx_word' id='word_1_108' title='bbox 236 1802 267 1858; x_wconf 93' lang='lat' dir='ltr'><strong>in</strong></span> <span class='ocrx_word' id='word_1_109' title='bbox 281 1819 341 1875; x_wconf 92' lang='lat' dir='ltr'><strong>quo</strong></span> <span class='ocrx_word' id='word_1_110' title='bbox 356 1801 414 1858; x_wconf 93' lang='lat' dir='ltr'><strong>iarn</strong></span> <span class='ocrx_word' id='word_1_111' title='bbox 427 1817 534 1874; x_wconf 86' lang='lat' dir='ltr'><strong>genere</strong></span> <span class='ocrx_word' id='word_1_112' title='bbox 549 1810 593 1856; x_wconf 90' lang='lat' dir='ltr'><strong>est</strong></span> <span class='ocrx_word' id='word_1_113' title='bbox 607 1799 674 1858; x_wconf 86' lang='lat' dir='ltr'><strong>solis</strong></span> <span class='ocrx_word' id='word_1_114' title='bbox 688 1799 738 1855; x_wconf 87' lang='lat' dir='ltr'><strong>lux</strong></span> <span class='ocrx_word' id='word_1_115' title='bbox 752 1806 782 1854; x_wconf 90' lang='lat' dir='ltr'><strong>et</strong></span> <span class='ocrx_word' id='word_1_116' title='bbox 795 1815 888 1872; x_wconf 91' lang='lat' dir='ltr'><strong>vapor</strong></span> <span class='ocrx_word' id='word_1_117' title='bbox 901 1797 964 1856; x_wconf 89' lang='lat' dir='ltr'><strong>eius</strong></span> <span class='ocrx_word' id='word_1_118' title='bbox 1096 1801 1142 1866; x_wconf 82' lang='lat'><strong>185</strong></span> 
     </span>
     <span class='ocr_line' id='line_1_18' title="bbox 236 1888 923 1966; baseline -0.006 -18"><span class='ocrx_word' id='word_1_119' title='bbox 236 1900 392 1966; x_wconf 88' lang='lat' dir='ltr'><strong>propterea</strong></span> <span class='ocrx_word' id='word_1_120' title='bbox 405 1891 474 1965; x_wconf 93' lang='lat' dir='ltr'><strong>quia</strong></span> <span class='ocrx_word' id='word_1_121' title='bbox 488 1898 554 1948; x_wconf 87' lang='lat' dir='ltr'><strong>sunt</strong></span> <span class='ocrx_word' id='word_1_122' title='bbox 569 1907 585 1947; x_wconf 99' lang='lat' dir='ltr'><strong>e</strong></span> <span class='ocrx_word' id='word_1_123' title='bbox 600 1889 700 1964; x_wconf 85' lang='lat' dir='ltr'><strong>primis</strong></span> <span class='ocrx_word' id='word_1_124' title='bbox 715 1889 791 1945; x_wconf 87' lang='lat' dir='ltr'><strong>facta</strong></span> <span class='ocrx_word' id='word_1_125' title='bbox 804 1888 923 1945; x_wconf 90' lang='lat' dir='ltr'><strong>minutis</strong></span> 
     </span>
    </p>

    <p class='ocr_par' dir='ltr' id='par_1_13' title="bbox 237 1978 977 2056">
     <span class='ocr_line' id='line_1_19' title="bbox 237 1978 977 2056; baseline -0.005 -17"><span class='ocrx_word' id='word_1_126' title='bbox 237 1999 313 2056; x_wconf 94' lang='lat' dir='ltr'><strong>quae</strong></span> <span class='ocrx_word' id='word_1_127' title='bbox 328 1981 410 2056; x_wconf 91' lang='lat' dir='ltr'><strong>quasi</strong></span> <span class='ocrx_word' id='word_1_128' title='bbox 424 1979 570 2039; x_wconf 92' lang='lat' dir='ltr'><strong>cuduntur</strong></span> <span class='ocrx_word' id='word_1_129' title='bbox 584 1997 694 2054; x_wconf 88' lang='lat' dir='ltr'><strong>perque</strong></span> <span class='ocrx_word' id='word_1_130' title='bbox 709 1979 783 2036; x_wconf 71' lang='lat' dir='ltr'><strong>aeris</strong></span> <span class='ocrx_word' id='word_1_131' title='bbox 797 1978 977 2036; x_wconf 91' lang='lat' dir='ltr'><strong>intervallum</strong></span> 
     </span>
    </p>

    <p class='ocr_par' dir='ltr' id='par_1_14' title="bbox 237 2069 963 2236">
     <span class='ocr_line' id='line_1_20' title="bbox 237 2069 963 2143; baseline -0.004 -14"><span class='ocrx_word' id='word_1_132' title='bbox 237 2090 298 2129; x_wconf 92' lang='lat' dir='ltr'><strong>non</strong></span> <span class='ocrx_word' id='word_1_133' title='bbox 313 2070 447 2129; x_wconf 89' lang='lat' dir='ltr'><strong>dubitant</strong></span> <span class='ocrx_word' id='word_1_134' title='bbox 461 2071 578 2128; x_wconf 90' lang='lat' dir='ltr'><strong>transire</strong></span> <span class='ocrx_word' id='word_1_135' title='bbox 593 2070 727 2143; x_wconf 85' lang='lat' dir='ltr'><strong>sequenti</strong></span> <span class='ocrx_word' id='word_1_136' title='bbox 741 2070 857 2126; x_wconf 89' lang='lat' dir='ltr'><strong>concita</strong></span> <span class='ocrx_word' id='word_1_137' title='bbox 870 2069 963 2143; x_wconf 88' lang='lat' dir='ltr'><strong>plaga.</strong></span> 
     </span>
     <span class='ocr_line' id='line_1_21' title="bbox 238 2159 937 2236; baseline -0.007 -16"><span class='ocrx_word' id='word_1_138' title='bbox 238 2160 440 2236; x_wconf 89' lang='lat' dir='ltr'><strong>suppeditatur</strong></span> <span class='ocrx_word' id='word_1_139' title='bbox 453 2160 532 2218; x_wconf 88' lang='lat' dir='ltr'><strong>enim</strong></span> <span class='ocrx_word' id='word_1_140' title='bbox 547 2160 700 2217; x_wconf 88' lang='lat' dir='ltr'><strong>confestim</strong></span> <span class='ocrx_word' id='word_1_141' title='bbox 714 2159 822 2216; x_wconf 89' lang='lat' dir='ltr'><strong>lumine</strong></span> <span class='ocrx_word' id='word_1_142' title='bbox 836 2159 937 2216; x_wconf 88' lang='lat' dir='ltr'><strong>lumen</strong></span> 
     </span>
    </p>

    <p class='ocr_par' dir='ltr' id='par_1_15' title="bbox 238 2249 1146 2507">
     <span class='ocr_line' id='line_1_22' title="bbox 239 2249 1146 2326; baseline -0.008 -16"><span class='ocrx_word' id='word_1_143' title='bbox 239 2262 270 2310; x_wconf 88' lang='lat' dir='ltr'><strong>et</strong></span> <span class='ocrx_word' id='word_1_144' title='bbox 283 2252 365 2326; x_wconf 92' lang='lat' dir='ltr'><strong>quasi</strong></span> <span class='ocrx_word' id='word_1_145' title='bbox 377 2250 491 2326; x_wconf 91' lang='lat' dir='ltr'><strong>protelo</strong></span> <span class='ocrx_word' id='word_1_146' title='bbox 505 2251 665 2308; x_wconf 89' lang='lat' dir='ltr'><strong>stimulatur</strong></span> <span class='ocrx_word' id='word_1_147' title='bbox 678 2250 786 2322; x_wconf 84' lang='lat' dir='ltr'><strong>fulgere</strong></span> <span class='ocrx_word' id='word_1_148' title='bbox 801 2249 902 2323; x_wconf 85' lang='lat' dir='ltr'><strong>fulgur.</strong></span> <span class='ocrx_word' id='word_1_149' title='bbox 1099 2268 1146 2320; x_wconf 86' lang='lat'><strong>190</strong></span> 
     </span>
     <span class='ocr_line' id='line_1_23' title="bbox 239 2341 978 2418; baseline -0.004 -18"><span class='ocrx_word' id='word_1_150' title='bbox 239 2352 418 2418; x_wconf 89' lang='lat' dir='ltr'><strong>quapropter</strong></span> <span class='ocrx_word' id='word_1_151' title='bbox 431 2342 583 2399; x_wconf 91' lang='lat' dir='ltr'><strong>simulacra</strong></span> <span class='ocrx_word' id='word_1_152' title='bbox 596 2342 658 2415; x_wconf 89' lang='lat' dir='ltr'><strong>pari</strong></span> <span class='ocrx_word' id='word_1_153' title='bbox 671 2341 783 2398; x_wconf 89' lang='lat' dir='ltr'><strong>ratione</strong></span> <span class='ocrx_word' id='word_1_154' title='bbox 798 2357 918 2397; x_wconf 90' lang='lat' dir='ltr'><strong>necesse</strong></span> <span class='ocrx_word' id='word_1_155' title='bbox 932 2349 978 2397; x_wconf 91' lang='lat' dir='ltr'><strong>est</strong></span> 
     </span>
     <span class='ocr_line' id='line_1_24' title="bbox 238 2432 975 2507; baseline -0.008 -14"><span class='ocrx_word' id='word_1_156' title='bbox 238 2432 457 2493; x_wconf 88' lang='lat' dir='ltr'><strong>inmemorabile</strong></span> <span class='ocrx_word' id='word_1_157' title='bbox 472 2450 525 2507; x_wconf 91' lang='lat' dir='ltr'><strong>per</strong></span> <span class='ocrx_word' id='word_1_158' title='bbox 538 2432 663 2506; x_wconf 88' lang='lat' dir='ltr'><strong>spatium</strong></span> <span class='ocrx_word' id='word_1_159' title='bbox 678 2440 872 2488; x_wconf 89' lang='lat' dir='ltr'><strong>transcurrere</strong></span> <span class='ocrx_word' id='word_1_160' title='bbox 887 2447 975 2506; x_wconf 88' lang='lat' dir='ltr'><strong>posse</strong></span> 
     </span>
    </p>

    <p class='ocr_par' dir='ltr' id='par_1_16' title="bbox 239 2520 1027 2600">
     <span class='ocr_line' id='line_1_25' title="bbox 239 2520 1027 2600; baseline -0.005 -17"><span class='ocrx_word' id='word_1_161' title='bbox 239 2525 378 2600; x_wconf 89' lang='lat' dir='ltr'><strong>temporis</strong></span> <span class='ocrx_word' id='word_1_162' title='bbox 392 2524 423 2581; x_wconf 92' lang='lat' dir='ltr'><strong>in</strong></span> <span class='ocrx_word' id='word_1_163' title='bbox 436 2532 556 2598; x_wconf 92' lang='lat' dir='ltr'><strong>puncto,</strong></span> <span class='ocrx_word' id='word_1_164' title='bbox 571 2523 698 2597; x_wconf 92' lang='lat' dir='ltr'><strong>primum</strong></span> <span class='ocrx_word' id='word_1_165' title='bbox 713 2520 794 2596; x_wconf 93' lang='lat' dir='ltr'><strong>quod</strong></span> <span class='ocrx_word' id='word_1_166' title='bbox 808 2522 926 2595; x_wconf 92' lang='lat' dir='ltr'><strong>parvola</strong></span> <span class='ocrx_word' id='word_1_167' title='bbox 939 2539 1027 2579; x_wconf 88' lang='lat' dir='ltr'><strong>causa</strong></span> 
     </span>
    </p>

    <p class='ocr_par' dir='ltr' id='par_1_17' title="bbox 240 2612 1035 2692">
     <span class='ocr_line' id='line_1_26' title="bbox 240 2612 1035 2692; baseline -0.008 -18"><span class='ocrx_word' id='word_1_168' title='bbox 240 2626 284 2675; x_wconf 89' lang='lat' dir='ltr'><strong>est</strong></span> <span class='ocrx_word' id='word_1_169' title='bbox 297 2614 399 2692; x_wconf 90' lang='lat' dir='ltr'><strong>procul</strong></span> <span class='ocrx_word' id='word_1_170' title='bbox 412 2633 431 2672; x_wconf 90' lang='lat' dir='ltr'><strong>a</strong></span> <span class='ocrx_word' id='word_1_171' title='bbox 442 2624 524 2689; x_wconf 89' lang='lat' dir='ltr'><strong>tergo</strong></span> <span class='ocrx_word' id='word_1_172' title='bbox 538 2631 614 2688; x_wconf 90' lang='lat' dir='ltr'><strong>quae</strong></span> <span class='ocrx_word' id='word_1_173' title='bbox 628 2612 770 2687; x_wconf 89' lang='lat' dir='ltr'><strong>provehat</strong></span> <span class='ocrx_word' id='word_1_174' title='bbox 783 2621 871 2685; x_wconf 88' lang='lat' dir='ltr'><strong>atque</strong></span> <span class='ocrx_word' id='word_1_175' title='bbox 885 2612 1035 2687; x_wconf 90' lang='lat' dir='ltr'><strong>propellat,</strong></span> 
     </span>
    </p>

    <p class='ocr_par' dir='ltr' id='par_1_18' title="bbox 239 2703 1145 2961">
     <span class='ocr_line' id='line_1_27' title="bbox 239 2703 1145 2783; baseline -0.008 -17"><span class='ocrx_word' id='word_1_176' title='bbox 239 2706 321 2783; x_wconf 90' lang='lat' dir='ltr'><strong>quod</strong></span> <span class='ocrx_word' id='word_1_177' title='bbox 335 2714 474 2782; x_wconf 85' lang='lat' dir='ltr'><strong>superest,</strong></span> <span class='ocrx_word' id='word_1_178' title='bbox 491 2705 539 2762; x_wconf 93' lang='lat' dir='ltr'><strong>ubi</strong></span> <span class='ocrx_word' id='word_1_179' title='bbox 554 2715 613 2761; x_wconf 90' lang='lat' dir='ltr'><strong>tarn</strong></span> <span class='ocrx_word' id='word_1_180' title='bbox 627 2703 737 2761; x_wconf 91' lang='lat' dir='ltr'><strong>volucri</strong></span> <span class='ocrx_word' id='word_1_181' title='bbox 751 2703 866 2759; x_wconf 89' lang='lat' dir='ltr'><strong>levitate</strong></span> <span class='ocrx_word' id='word_1_182' title='bbox 881 2703 1027 2774; x_wconf 81' lang='lat' dir='ltr'><strong>ferantur3</strong></span> <span class='ocrx_word' id='word_1_183' title='bbox 1101 2717 1145 2773; x_wconf 82' lang='lat'><strong>195</strong></span> 
     </span>
     <span class='ocr_line' id='line_1_28' title="bbox 240 2791 993 2871; baseline -0.007 -15"><span class='ocrx_word' id='word_1_184' title='bbox 240 2797 349 2856; x_wconf 91' lang='lat' dir='ltr'><strong>deinde</strong></span> <span class='ocrx_word' id='word_1_185' title='bbox 363 2795 445 2871; x_wconf 93' lang='lat' dir='ltr'><strong>quod</strong></span> <span class='ocrx_word' id='word_1_186' title='bbox 459 2813 552 2871; x_wconf 89' lang='lat' dir='ltr'><strong>usque</strong></span> <span class='ocrx_word' id='word_1_187' title='bbox 566 2793 642 2852; x_wconf 90' lang='lat' dir='ltr'><strong>adeo</strong></span> <span class='ocrx_word' id='word_1_188' title='bbox 657 2803 769 2852; x_wconf 84' lang='lat' dir='ltr'><strong>textura</strong></span> <span class='ocrx_word' id='word_1_189' title='bbox 783 2791 916 2867; x_wconf 89' lang='lat' dir='ltr'><strong>praedita</strong></span> <span class='ocrx_word' id='word_1_190' title='bbox 930 2811 993 2851; x_wconf 88' lang='lat' dir='ltr'><strong>rara</strong></span> 
     </span>
     <span class='ocr_line' id='line_1_29' title="bbox 241 2885 1026 2961; baseline -0.005 -14"><span class='ocrx_word' id='word_1_191' title='bbox 241 2890 402 2959; x_wconf 88' lang='lat' dir='ltr'><strong>mittuntur,</strong></span> <span class='ocrx_word' id='word_1_192' title='bbox 418 2888 502 2945; x_wconf 85' lang='lat' dir='ltr'><strong>facile</strong></span> <span class='ocrx_word' id='word_1_193' title='bbox 517 2897 549 2944; x_wconf 92' lang='lat' dir='ltr'><strong>ut</strong></span> <span class='ocrx_word' id='word_1_194' title='bbox 563 2885 677 2961; x_wconf 89' lang='lat' dir='ltr'><strong>quasvis</strong></span> <span class='ocrx_word' id='word_1_195' title='bbox 691 2896 844 2959; x_wconf 91' lang='lat' dir='ltr'><strong>penetrare</strong></span> <span class='ocrx_word' id='word_1_196' title='bbox 859 2893 967 2957; x_wconf 86' lang='lat' dir='ltr'><strong>queant</strong></span> <span class='ocrx_word' id='word_1_197' title='bbox 980 2899 1026 2943; x_wconf 86' lang='lat' dir='ltr'><strong>res</strong></span> 
     </span>
    </p>

    <p class='ocr_par' dir='ltr' id='par_1_19' title="bbox 240 2974 907 3054">
     <span class='ocr_line' id='line_1_30' title="bbox 240 2974 907 3054; baseline -0.006 -17"><span class='ocrx_word' id='word_1_198' title='bbox 240 2990 270 3037; x_wconf 92' lang='lat' dir='ltr'><strong>et</strong></span> <span class='ocrx_word' id='word_1_199' title='bbox 284 2979 366 3054; x_wconf 88' lang='lat' dir='ltr'><strong>quasi</strong></span> <span class='ocrx_word' id='word_1_200' title='bbox 380 2994 549 3053; x_wconf 89' lang='lat' dir='ltr'><strong>permanare</strong></span> <span class='ocrx_word' id='word_1_201' title='bbox 563 2995 617 3053; x_wconf 92' lang='lat' dir='ltr'><strong>per</strong></span> <span class='ocrx_word' id='word_1_202' title='bbox 630 2976 703 3034; x_wconf 80' lang='lat' dir='ltr'><strong>a&#39;e‘ris</strong></span> <span class='ocrx_word' id='word_1_203' title='bbox 717 2974 907 3033; x_wconf 89' lang='lat' dir='ltr'><strong>intervallum.</strong></span> 
     </span>
    </p>

    <p class='ocr_par' dir='ltr' id='par_1_20' title="bbox 240 3065 956 3146">
     <span class='ocr_line' id='line_1_31' title="bbox 240 3065 956 3146; baseline -0.01 -18"><span class='ocrx_word' id='word_1_204' title='bbox 240 3080 390 3146; x_wconf 89' lang='lat' dir='ltr'><strong>praeterea</strong></span> <span class='ocrx_word' id='word_1_205' title='bbox 403 3070 436 3139; x_wconf 88' lang='lat' dir='ltr'><strong>si,</strong></span> <span class='ocrx_word' id='word_1_206' title='bbox 451 3086 526 3142; x_wconf 89' lang='lat' dir='ltr'><strong>quae</strong></span> <span class='ocrx_word' id='word_1_207' title='bbox 541 3068 657 3142; x_wconf 90' lang='lat' dir='ltr'><strong>penitus</strong></span> <span class='ocrx_word' id='word_1_208' title='bbox 672 3065 846 3140; x_wconf 90' lang='lat' dir='ltr'><strong>corpuscula</strong></span> <span class='ocrx_word' id='word_1_209' title='bbox 858 3082 956 3123; x_wconf 89' lang='lat' dir='ltr'><strong>rerum</strong></span> 
     </span>
    </p>

    <p class='ocr_par' dir='ltr' id='par_1_21' title="bbox 241 3156 1148 3326">
     <span class='ocr_line' id='line_1_32' title="bbox 242 3156 1148 3235; baseline -0.013 -16"><span class='ocrx_word' id='word_1_210' title='bbox 242 3179 279 3219; x_wconf 88' lang='lat' dir='ltr'><strong>ex</strong></span> <span class='ocrx_word' id='word_1_211' title='bbox 291 3161 409 3235; x_wconf 89' lang='lat' dir='ltr'><strong>altoque</strong></span> <span class='ocrx_word' id='word_1_212' title='bbox 424 3160 500 3217; x_wconf 86' lang='lat' dir='ltr'><strong>foras</strong></span> <span class='ocrx_word' id='word_1_213' title='bbox 515 3160 675 3229; x_wconf 90' lang='lat' dir='ltr'><strong>mittuntur,</strong></span> <span class='ocrx_word' id='word_1_214' title='bbox 690 3158 759 3215; x_wconf 91' lang='lat' dir='ltr'><strong>solis</strong></span> <span class='ocrx_word' id='word_1_215' title='bbox 773 3158 814 3213; x_wconf 91' lang='lat' dir='ltr'><strong>uti</strong></span> <span class='ocrx_word' id='word_1_216' title='bbox 828 3156 878 3213; x_wconf 86' lang='lat' dir='ltr'><strong>lux</strong></span> <span class='ocrx_word' id='word_1_217' title='bbox 1099 3171 1148 3208; x_wconf 65' lang='grc' dir='ltr'><strong>τοο</strong></span> 
     </span>
     <span class='ocr_line' id='line_1_33' title="bbox 241 3245 940 3326; baseline -0.011 -16"><span class='ocrx_word' id='word_1_218' title='bbox 241 3270 276 3310; x_wconf 89' lang='lat' dir='ltr'><strong>ac</strong></span> <span class='ocrx_word' id='word_1_219' title='bbox 290 3270 389 3326; x_wconf 85' lang='lat' dir='ltr'><strong>vapor,</strong></span> <span class='ocrx_word' id='word_1_220' title='bbox 403 3250 477 3307; x_wconf 89' lang='lat' dir='ltr'><strong>haec</strong></span> <span class='ocrx_word' id='word_1_221' title='bbox 491 3259 602 3325; x_wconf 91' lang='lat' dir='ltr'><strong>puncto</strong></span> <span class='ocrx_word' id='word_1_222' title='bbox 617 3258 774 3305; x_wconf 88' lang='lat' dir='ltr'><strong>cernuntur</strong></span> <span class='ocrx_word' id='word_1_223' title='bbox 787 3248 867 3321; x_wconf 89' lang='lat' dir='ltr'><strong>lapsa</strong></span> <span class='ocrx_word' id='word_1_224' title='bbox 881 3245 940 3303; x_wconf 91' lang='lat' dir='ltr'><strong>diei</strong></span> 
     </span>
    </p>

    <p class='ocr_par' dir='ltr' id='par_1_22' title="bbox 241 3337 888 3418">
     <span class='ocr_line' id='line_1_34' title="bbox 241 3337 888 3418; baseline -0.009 -18"><span class='ocrx_word' id='word_1_225' title='bbox 241 3360 295 3418; x_wconf 91' lang='lat' dir='ltr'><strong>per</strong></span> <span class='ocrx_word' id='word_1_226' title='bbox 308 3352 401 3400; x_wconf 91' lang='lat' dir='ltr'><strong>totum</strong></span> <span class='ocrx_word' id='word_1_227' title='bbox 417 3341 489 3398; x_wconf 90' lang='lat' dir='ltr'><strong>caeli</strong></span> <span class='ocrx_word' id='word_1_228' title='bbox 505 3340 628 3414; x_wconf 91' lang='lat' dir='ltr'><strong>spatium</strong></span> <span class='ocrx_word' id='word_1_229' title='bbox 644 3337 808 3396; x_wconf 86' lang='lat' dir='ltr'><strong>diffundere</strong></span> <span class='ocrx_word' id='word_1_230' title='bbox 824 3355 888 3395; x_wconf 89' lang='lat' dir='ltr'><strong>sese</strong></span> 
     </span>
    </p>

    <p class='ocr_par' dir='ltr' id='par_1_23' title="bbox 242 3426 1013 3508">
     <span class='ocr_line' id='line_1_35' title="bbox 242 3426 1013 3508; baseline -0.009 -18"><span class='ocrx_word' id='word_1_231' title='bbox 242 3450 352 3508; x_wconf 89' lang='lat' dir='ltr'><strong>perque</strong></span> <span class='ocrx_word' id='word_1_232' title='bbox 366 3431 462 3490; x_wconf 85' lang='lat' dir='ltr'><strong>volare</strong></span> <span class='ocrx_word' id='word_1_233' title='bbox 477 3449 555 3487; x_wconf 89' lang='lat' dir='ltr'><strong>mare</strong></span> <span class='ocrx_word' id='word_1_234' title='bbox 570 3448 605 3487; x_wconf 86' lang='lat' dir='ltr'><strong>ac</strong></span> <span class='ocrx_word' id='word_1_235' title='bbox 619 3440 708 3486; x_wconf 89' lang='lat' dir='ltr'><strong>terras</strong></span> <span class='ocrx_word' id='word_1_236' title='bbox 723 3428 896 3502; x_wconf 89' lang='lat' dir='ltr'><strong>caelumque</strong></span> <span class='ocrx_word' id='word_1_237' title='bbox 909 3426 1013 3501; x_wconf 86' lang='lat' dir='ltr'><strong>rigare,</strong></span> 
     </span>
    </p>

    <p class='ocr_par' dir='ltr' id='par_1_24' title="bbox 243 3520 995 3601">
     <span class='ocr_line' id='line_1_36' title="bbox 243 3520 995 3601; baseline -0.009 -18"><span class='ocrx_word' id='word_1_238' title='bbox 243 3522 315 3601; x_wconf 88' lang='lat' dir='ltr'><strong>quid</strong></span> <span class='ocrx_word' id='word_1_239' title='bbox 328 3540 403 3599; x_wconf 89' lang='lat' dir='ltr'><strong>quae</strong></span> <span class='ocrx_word' id='word_1_240' title='bbox 418 3530 485 3581; x_wconf 93' lang='lat' dir='ltr'><strong>sunt</strong></span> <span class='ocrx_word' id='word_1_241' title='bbox 498 3522 583 3597; x_wconf 90' lang='lat' dir='ltr'><strong>igitur</strong></span> <span class='ocrx_word' id='word_1_242' title='bbox 597 3520 655 3577; x_wconf 87' lang='lat' dir='ltr'><strong>iam</strong></span> <span class='ocrx_word' id='word_1_243' title='bbox 669 3520 763 3595; x_wconf 91' lang='lat' dir='ltr'><strong>prima</strong></span> <span class='ocrx_word' id='word_1_244' title='bbox 776 3520 871 3578; x_wconf 86' lang='lat' dir='ltr'><strong>fronte</strong></span> <span class='ocrx_word' id='word_1_245' title='bbox 884 3526 995 3594; x_wconf 84' lang='lat' dir='ltr'><strong>parata,</strong></span> 
     </span>
    </p>
   </div>
   <div class='ocr_carea' id='block_1_3' title="bbox 0 0 1410 4025">
    <p class='ocr_par' dir='ltr' id='par_1_25' title="bbox 0 0 1410 4025">
     <span class='ocr_line' id='line_1_37' title="bbox 0 0 1410 4025; baseline 0 0"><span class='ocrx_word' id='word_1_246' title='bbox 0 0 1410 4025; x_wconf 95' lang='lat' dir='ltr'><strong> </strong></span> 
     </span>
    </p>
   </div>
  </div>
 </body>
</html>
