2792 4025
283 267 327 346 64
619 279 852 334 Lucurzvrus
1128 279 1186 350 [11.

283 452 333 502 aut
346 442 442 500 minus
456 450 523 500 ante
538 439 620 516 quod
633 441 776 500 auderent
789 441 851 499 fore
864 440 985 499 credere
998 442 1122 516 gentes?

283 533 332 604 nil,
347 544 380 591 ut
394 533 516 607 opinor:
540 532 580 590 ita
593 532 666 589 haec
680 532 795 607 species
808 530 942 589 miranda
954 532 1065 592 fuisset.

282 642 371 699 quam
385 623 437 681 tibi
451 623 509 680 iam
523 641 621 693 nemo,
636 623 728 680 fessus
742 622 843 680 satiate
856 621 986 696 videndi,

283 715 429 789 suspicere
444 715 475 771 in
489 713 563 770 caeli
576 712 712 787 dignatur
724 712 822 770 lucida
835 713 964 786 templa!

282 804 384 863 desine
399 813 575 880 quapropter
588 803 717 861 novitate
731 803 883 860 exterritus
896 804 960 878 ipsa
1124 823 1187 872 1040

282 913 409 970 expuere
424 913 461 953 ex
474 895 572 951 animo
586 894 738 963 rationem,
753 892 807 950 sed
820 893 912 968 magis
926 893 986 951 acri

282 985 391 1043 iudicio
405 984 557 1060 perpende
573 994 611 1054 et,
626 984 650 1042 si
664 983 718 1042 tibi
730 1001 799 1041 vera
811 983 955 1056 videntur,

281 1074 359 1134 dede
374 1093 487 1149 manuS,
502 1084 560 1146 aut,
574 1075 599 1132 si
612 1075 716 1132 falsum
730 1083 783 1146 est,
797 1074 951 1149 accingere
966 1082 1076 1131 contra.

281 1166 394 1240 quaerit
407 1167 485 1224 enim
500 1166 642 1224 rationem
657 1165 780 1235 animus,
795 1182 864 1221 cum
878 1183 992 1222 summa
1005 1164 1063 1222 loci
1077 1165 1114 1222 sit

280 1256 393 1314 infinita
405 1257 473 1315 foris
487 1256 561 1314 haec
575 1266 655 1314 extra
670 1256 787 1313 moenia
800 1255 912 1326 mundi,
1121 1273 1183 1327 ¹045

281 1347 352 1422 quid
366 1347 402 1405 sit
415 1347 455 1405 ibi
468 1364 556 1422 porro
571 1364 630 1421 quo
645 1346 811 1421 prospicere
825 1363 919 1420 usque
932 1345 1001 1403 velit
1014 1358 1099 1404 mens

280 1447 368 1512 atque
382 1436 471 1494 animi
485 1437 577 1495 iactus
590 1436 664 1494 liber
676 1453 737 1509 quo
750 1436 882 1510 pervolet
895 1435 967 1511 ipse.

321 1527 466 1603 Principio
481 1527 565 1585 nobis
580 1526 610 1584 in
624 1535 745 1583 cunctas
760 1525 890 1601 undique
904 1527 993 1601 partis

281 1626 311 1676 et
323 1618 412 1675 latere
426 1635 464 1675 ex
476 1627 601 1690 utroque
616 1634 703 1691 supra
716 1627 873 1691 supterque
887 1635 941 1691 per
954 1635 1042 1674 omne

279 1708 357 1765 nulla
371 1717 415 1766 est
429 1707 513 1781 finis,
533 1707 576 1764 uti
590 1706 689 1778 docui,
702 1724 749 1764 res
762 1707 884 1783 ipsaque
898 1726 952 1783 per
965 1726 997 1765 se
1121 1726 1184 1779 1050

279 1799 461 1870 vociferatur,
476 1808 506 1856 et
519 1797 615 1856 elucet
628 1807 729 1855 natura
744 1797 892 1872 profundi.
927 1818 930 1822 ·

279 1889 360 1947 nullo
373 1890 431 1947 iam
445 1897 534 1965 pacto
548 1888 608 1946 veri
622 1888 715 1946 simile
729 1906 793 1946 esse
807 1887 1008 1963 putandumst,

279 1979 410 2057 undique
425 1999 493 2038 cum
507 1997 623 2037 vorsum
637 1979 764 2055 spatium
778 1989 863 2037 vacet
877 1979 1021 2038 infinitum

279 2073 449 2147 seminaque
464 2072 616 2129 innumero
630 2088 754 2129 numero
769 2089 941 2145 summaque
956 2069 1103 2145 profunda

278 2162 458 2220 multimodis
470 2161 592 2219 volitent
605 2171 724 2219 aeterno
739 2161 850 2235 percita
863 2171 955 2231 motu,
1120 2179 1181 2233 1055

278 2252 357 2311 hunc
371 2272 462 2312 unum
476 2264 614 2311 terrarum
629 2252 731 2310 orbem
745 2252 918 2325 caelumque
933 2261 1072 2323 creatum,

278 2344 318 2401 nil
331 2362 417 2419 agere
431 2345 479 2401 illa
492 2344 560 2402 foris
575 2352 618 2401 tot
632 2360 757 2417 corpora
769 2342 899 2399 materiai
911 2363 919 2414 ;

277 2452 346 2491 cum
360 2435 529 2509 praesertim
544 2433 591 2490 hic
605 2434 641 2491 sit
655 2442 757 2490 natura
770 2433 872 2504 factus,
887 2443 918 2490 ut
933 2433 996 2508 ipsa

277 2534 382 2600 sponte
397 2543 450 2583 sua
462 2525 536 2583 forte
551 2522 723 2581 offensando
737 2524 850 2580 semina
862 2542 968 2594 rerum,

277 2614 458 2673 multimodis
472 2624 582 2672 temere
596 2614 626 2671 in
640 2631 755 2671 cassum
770 2613 930 2688 frustraque
945 2624 1050 2671 coacta
1119 2620 1183 2670 1060

277 2704 397 2763 tandem
411 2705 544 2764 colarunt
557 2723 593 2763 ea
606 2723 681 2780 quae
696 2706 831 2764 coniecta
843 2716 965 2781 repente

277 2814 448 2871 magnarum
462 2814 558 2854 rerum
572 2796 675 2854 fierent
689 2796 809 2855 exordia
822 2814 946 2871 semper,

276 2886 361 2944 terrai
376 2886 461 2944 maris
475 2895 505 2943 et
519 2887 591 2943 caeli
606 2888 778 2963 generisque
794 2887 984 2945 animantum.

277 2994 366 3052 quare
381 2977 468 3034 etiam
482 2987 568 3051 atque
584 2978 671 3035 etiam
687 2978 750 3035 talis
765 2978 872 3035 fateare
886 2995 1007 3035 necesse
1023 2986 1067 3034 est

277 3086 340 3125 esse
355 3067 426 3125 alios
440 3068 508 3126 alibi
522 3086 693 3143 congressus
708 3069 846 3140 materiai,
1118 3074 1179 3138 1065

276 3158 369 3234 qualis
383 3158 430 3215 hic
444 3168 497 3231 est,
511 3158 598 3217 avido
614 3160 769 3233 complexu
784 3178 874 3233 quem
888 3168 969 3217 tenet
982 3156 1091 3217 aether.

317 3249 469 3307 Praeterea
482 3269 551 3307 cum
566 3251 701 3307 materies
716 3260 760 3307 est
773 3250 864 3307 multa
877 3260 986 3324 parata,

276 3356 344 3397 curn
358 3340 439 3399 locus
454 3350 499 3399 est
512 3350 628 3415 praesto
642 3358 699 3398 nec
713 3358 758 3398 res
772 3359 829 3398 nec
844 3360 932 3398 causa
945 3350 1074 3398 moratur

276 3430 341 3500 ulla,
357 3433 418 3507 geri
432 3431 542 3490 debent
556 3431 690 3488 nimirum
705 3441 735 3487 et
748 3431 869 3488 confieri
882 3449 936 3489 res.

276 3541 356 3581 nunc
370 3532 399 3580 et
413 3522 572 3581 seminibus
586 3521 609 3579 si
623 3530 703 3578 tanta
716 3531 760 3579 est
774 3522 860 3596 copia
874 3531 1013 3597 quantam
1116 3541 1179 3587 1070
