2792 4025
230 276 285 346 IL]
474 276 529 330 DE
555 275 702 330 RERUM
730 278 900 332 NATURA
1089 279 1132 345 47

228 449 407 517 quapropter
420 440 507 515 longe
521 440 628 498 formas
643 439 749 498 distare
764 450 914 498 necessest

228 533 385 610 principiis,
400 532 493 589 varios
508 549 583 605 quae
598 531 710 606 possint
724 530 811 588 edere
827 549 937 588 sensus.

269 623 406 697 Denique
421 639 496 697 quae
511 622 595 679 nobis
609 620 713 679 durata
727 641 762 679 ac
776 623 868 696 spissa
881 620 1025 694 videntur,

228 714 303 772 haec
317 713 408 788 magis
422 712 546 770 hamatis
561 713 634 769 inter
649 730 713 770 sese
728 731 792 770 esse
804 722 953 772 necessest
1083 730 1131 783 445

229 812 258 861 et
273 804 355 878 quasi
368 803 488 860 ramosis
503 802 560 860 alte
575 813 732 877 compacta
745 803 846 861 teneri.

229 894 259 951 in
273 912 333 968 quo
348 894 404 950 iarn
418 910 525 968 genere
540 893 570 949 in
584 893 683 967 primis
698 892 885 951 adamantina
899 910 970 951 saxa

228 985 322 1061 prima
335 985 399 1041 acie
414 993 550 1042 constant
564 984 638 1042 ictus
653 995 842 1042 contemnere
858 994 941 1043 sueta

230 1084 260 1132 et
272 1073 360 1132 validi
375 1075 468 1132 silices
483 1092 517 1131 ac
533 1072 598 1132 duri
611 1074 718 1133 robora
731 1075 796 1132 ferri

229 1183 354 1239 aeraque
370 1182 445 1239 quae
460 1165 590 1222 claustris
605 1165 741 1222 restantia
755 1166 957 1225 vociferantur.
1084 1183 1135 1236 450

229 1255 277 1313 illa
290 1255 411 1330 quidem
426 1254 535 1313 debent
550 1273 566 1312 e
581 1255 691 1314 levibus
706 1267 793 1330 atque
808 1254 941 1314 rutundis

230 1364 293 1404 esse
308 1346 409 1420 magis,
424 1345 533 1403 fluvido
546 1363 623 1419 quae
638 1364 761 1420 corpore
776 1345 886 1421 liquida
899 1355 1054 1417 constant;

232 1435 375 1514 [namque
386 1437 538 1512 papaveris
547 1436 666 1494 haustus
675 1437 773 1494 itemst
783 1436 873 1494 facilis
884 1436 966 1510 quod
976 1433 1133 1514 aquarum]

230 1545 287 1585 nec
301 1528 461 1584 retinentur
476 1527 554 1584 enim
570 1527 645 1583 inter
657 1544 688 1584 se
704 1527 913 1602 glomeramina
927 1544 1062 1601 quaeque

231 1626 261 1675 et
274 1635 429 1691 procursus
445 1617 513 1674 item
529 1617 657 1692 proclive
671 1618 804 1675 volubilis
819 1625 920 1674 exstat.
1085 1634 1133 1687 455

231 1708 331 1765 omnia
345 1717 494 1783 postremo
510 1725 585 1781 quae
600 1717 710 1782 puncto
725 1716 857 1782 ternpore
873 1707 966 1765 cernis

231 1797 380 1873 diffugere,
396 1807 428 1854 ut
442 1799 553 1856 fumum
568 1798 689 1856 nebulas
704 1798 902 1872 flammasque,
918 1806 1074 1871 necessest,

231 1889 255 1946 si
269 1889 364 1946 minus
379 1889 509 1946 omnibu'
524 1897 591 1946 sunt
606 1907 622 1945 e
636 1889 747 1946 levibus
761 1898 849 1963 atque
864 1887 1005 1959 rutundis

231 1990 261 2039 at
275 1999 335 2039 non
349 1998 413 2039 esse
429 1989 526 2038 tamen
542 1980 685 2055 perplexis
700 1979 882 2055 indupedita,

231 2089 360 2147 pungere
375 2072 416 2129 uti
431 2071 543 2145 possint
557 2089 663 2146 corpus
677 2081 888 2145 penetrareque
902 2089 997 2140 vesca,
1086 2076 1136 2137 460

232 2180 288 2219 nec
305 2151 407 2219 tamen
419 2161 536 2219 haerere
552 2161 626 2219 inter
640 2179 670 2219 se
681 2182 690 2233 ,·
713 2159 922 2235 quodcumque
936 2160 1069 2218 videmus

232 2252 359 2310 sensibu’
375 2251 519 2322 sedatum,
535 2251 618 2309 facile
633 2259 665 2307 ut
679 2268 858 2326 cognoscere
874 2251 967 2325 possis

232 2361 293 2401 non
308 2361 324 2400 e
339 2343 483 2418 perplexis
498 2342 552 2399 sed
566 2342 658 2399 acutis
673 2360 737 2399 esse
752 2342 912 2399 elementis.

232 2432 286 2491 sed
301 2433 382 2507 quod
396 2451 494 2490 amara
507 2431 590 2490 vides
605 2432 710 2489 eadem
724 2448 800 2507 quae
815 2430 923 2488 fluvida
936 2439 1082 2502 constant,

232 2523 322 2581 sudor
335 2524 377 2605 uti
391 2524 476 2581 maris
491 2531 544 2593 est,
559 2524 678 2581 minime
693 2523 822 2580 mirabile
837 2522 965 2594 habeto;
1086 2527 1135 2593 465

232 2633 301 2671 narn
317 2614 397 2689 quod
411 2613 536 2672 fluvidus
551 2624 602 2685 est,
619 2632 635 2671 e
650 2614 762 2671 levibus
775 2622 863 2688 atque
877 2612 1010 2672 rutundis

233 2714 287 2775 est,
303 2715 332 2762 et
345 2704 476 2779 squalida
490 2705 581 2761 multa
594 2714 694 2761 creant
708 2704 839 2762 admixta
852 2703 960 2761 doloris

233 2813 375 2869 corpora,
397 2814 452 2852 nec
467 2805 565 2853 tamen
582 2794 654 2852 haec
669 2796 794 2853 reteneri
808 2795 924 2852 hamata
937 2802 1136 2866 necessumst;

234 2886 343 2943 scilicet
358 2904 421 2943 esse
436 2886 558 2960 globosa
573 2895 679 2956 tamen,
695 2905 764 2942 cum
779 2884 912 2960 squalida
925 2894 1069 2956 constent,

233 2976 363 3052 provolvi
378 2976 462 3034 simul
476 2986 508 3034 ut
523 2977 634 3051 possint
644 2987 674 3034 et
688 2976 804 3034 laedere
819 2994 929 3034 sensus.
1088 2996 1138 3043 470

235 3078 265 3127 et
279 3087 339 3143 quo
353 3069 443 3126 mixta
457 3080 542 3145 putes
558 3070 649 3145 magis
663 3088 766 3143 aspera
780 3069 889 3126 levibus
904 3086 967 3126 esse

233 3159 393 3235 principiis,
407 3158 487 3216 unde
503 3169 547 3217 est
562 3161 694 3234 Neptuni
709 3178 815 3234 corpus
830 3160 978 3229 acerbum,

234 3260 279 3309 est
292 3250 365 3308 ratio
380 3249 572 3322 secemendi3
594 3268 783 3323 seorsumque
798 3248 919 3307 videndi

234 3359 320 3398 umor
335 3340 438 3412 dulciS,
454 3341 504 3399 ubi
518 3359 572 3415 per
584 3350 673 3398 terras
689 3341 816 3398 crebrius
830 3339 910 3397 idem

234 3432 408 3506 percolatur,
423 3441 455 3489 ut
470 3432 499 3490 in
513 3432 628 3489 foveam
642 3432 712 3488 fluat
726 3450 761 3488 ac
776 3439 978 3502 mansuescat3

234 3521 340 3597 linquit
354 3521 433 3581 enim
448 3540 554 3598 supera
567 3521 650 3579 taetri
665 3520 825 3596 primordia
837 3520 899 3592 viri,
