<?xml version="1.0" encoding="UTF-8"?>
<!DOCTYPE html PUBLIC "-//W3C//DTD XHTML 1.0 Transitional//EN"
    "http://www.w3.org/TR/xhtml1/DTD/xhtml1-transitional.dtd">
<html xmlns="http://www.w3.org/1999/xhtml" xml:lang="en" lang="en">
 <head>
  <title>
</title>
<meta http-equiv="Content-Type" content="text/html;charset=utf-8" />
  <meta name='ocr-system' content='tesseract 3.04.00' />
  <meta name='ocr-capabilities' content='ocr_page ocr_carea ocr_par ocr_line ocrx_word'/>
</head>
<body>
  <div class='ocr_page' id='page_1' title='image "./tlucreticarider01kelsgoog_0100.png"; bbox 0 0 2792 4025; ppageno 0'>
   <div class='ocr_carea' id='block_1_1' title="bbox 257 258 1163 340">
    <p class='ocr_par' dir='ltr' id='par_1_1' title="bbox 257 258 1163 340">
     <span class='ocr_line' id='line_1_1' title="bbox 257 258 1163 340; baseline 0.001 -19"><span class='ocrx_word' id='word_1_1' title='bbox 257 258 299 338; x_wconf 80' lang='lat'>36</span> <span class='ocrx_word' id='word_1_2' title='bbox 598 269 832 325; x_wconf 70' lang='lat' dir='ltr'>rueramus</span> <span class='ocrx_word' id='word_1_3' title='bbox 1107 268 1163 340; x_wconf 90' lang='lat'>[11.</span> 
     </span>
    </p>
   </div>
   <div class='ocr_carea' id='block_1_2' title="bbox 251 433 1165 1503">
    <p class='ocr_par' dir='ltr' id='par_1_2' title="bbox 251 433 1165 1503">
     <span class='ocr_line' id='line_1_2' title="bbox 255 433 1062 510; baseline 0 -18"><span class='ocrx_word' id='word_1_4' title='bbox 255 452 332 510; x_wconf 89' lang='lat' dir='ltr'>quae</span> <span class='ocrx_word' id='word_1_5' title='bbox 345 434 429 510; x_wconf 90' lang='lat' dir='ltr'>pueri</span> <span class='ocrx_word' id='word_1_6' title='bbox 443 433 613 493; x_wconf 87' lang='lat' dir='ltr'>intenebris</span> <span class='ocrx_word' id='word_1_7' title='bbox 628 433 758 509; x_wconf 89' lang='lat' dir='ltr'>pavitant</span> <span class='ocrx_word' id='word_1_8' title='bbox 771 433 944 509; x_wconf 88' lang='lat' dir='ltr'>finguntque</span> <span class='ocrx_word' id='word_1_9' title='bbox 958 433 1062 492; x_wconf 78' lang='lat' dir='ltr'>lutura</span> 
     </span>
     <span class='ocr_line' id='line_1_3' title="bbox 254 523 1063 601; baseline 0 -18"><span class='ocrx_word' id='word_1_10' title='bbox 254 525 335 583; x_wconf 91' lang='lat' dir='ltr'>hunc</span> <span class='ocrx_word' id='word_1_11' title='bbox 348 525 434 601; x_wconf 87' lang='lat' dir='ltr'>igitur</span> <span class='ocrx_word' id='word_1_12' title='bbox 446 534 586 583; x_wconf 89' lang='lat' dir='ltr'>terrorem</span> <span class='ocrx_word' id='word_1_13' title='bbox 598 524 690 582; x_wconf 87' lang='lat' dir='ltr'>animi</span> <span class='ocrx_word' id='word_1_14' title='bbox 703 523 899 600; x_wconf 81' lang='lat' dir='ltr'>tenebrasque</span> <span class='ocrx_word' id='word_1_15' title='bbox 912 533 1063 584; x_wconf 84' lang='lat' dir='ltr'>necessest</span> 
     </span>
     <span class='ocr_line' id='line_1_4' title="bbox 254 613 1165 690; baseline -0.003 -16"><span class='ocrx_word' id='word_1_16' title='bbox 254 633 316 675; x_wconf 92' lang='lat' dir='ltr'>non</span> <span class='ocrx_word' id='word_1_17' title='bbox 329 614 402 674; x_wconf 89' lang='lat' dir='ltr'>radii</span> <span class='ocrx_word' id='word_1_18' title='bbox 416 616 484 674; x_wconf 89' lang='lat' dir='ltr'>solis</span> <span class='ocrx_word' id='word_1_19' title='bbox 498 632 595 690; x_wconf 88' lang='lat' dir='ltr'>neque</span> <span class='ocrx_word' id='word_1_20' title='bbox 609 613 708 672; x_wconf 88' lang='lat' dir='ltr'>lucida</span> <span class='ocrx_word' id='word_1_21' title='bbox 721 613 780 672; x_wconf 88' lang='lat' dir='ltr'>tela</span> <span class='ocrx_word' id='word_1_22' title='bbox 793 614 854 673; x_wconf 92' lang='lat' dir='ltr'>diei</span> <span class='ocrx_word' id='word_1_23' title='bbox 1130 620 1165 671; x_wconf 89' lang='lat'>60</span> 
     </span>
     <span class='ocr_line' id='line_1_5' title="bbox 254 704 905 780; baseline -0.003 -16"><span class='ocrx_word' id='word_1_24' title='bbox 254 706 419 778; x_wconf 89' lang='lat' dir='ltr'>discutiant,</span> <span class='ocrx_word' id='word_1_25' title='bbox 434 704 488 764; x_wconf 93' lang='lat' dir='ltr'>sed</span> <span class='ocrx_word' id='word_1_26' title='bbox 501 715 621 763; x_wconf 88' lang='lat' dir='ltr'>naturae</span> <span class='ocrx_word' id='word_1_27' title='bbox 635 705 749 780; x_wconf 89' lang='lat' dir='ltr'>species</span> <span class='ocrx_word' id='word_1_28' title='bbox 762 704 905 780; x_wconf 89' lang='lat' dir='ltr'>ratioque.</span> 
     </span>
     <span class='ocr_line' id='line_1_6' title="bbox 295 795 928 872; baseline 0 -18"><span class='ocrx_word' id='word_1_29' title='bbox 295 798 383 854; x_wconf 92' lang='lat' dir='ltr'>Nunc</span> <span class='ocrx_word' id='word_1_30' title='bbox 397 814 461 871; x_wconf 86' lang='lat' dir='ltr'>age,</span> <span class='ocrx_word' id='word_1_31' title='bbox 477 814 537 871; x_wconf 93' lang='lat' dir='ltr'>quo</span> <span class='ocrx_word' id='word_1_32' title='bbox 551 805 634 854; x_wconf 91' lang='lat' dir='ltr'>motu</span> <span class='ocrx_word' id='word_1_33' title='bbox 647 795 783 872; x_wconf 81' lang='lat' dir='ltr'>genitalia</span> <span class='ocrx_word' id='word_1_34' title='bbox 797 795 928 854; x_wconf 89' lang='lat' dir='ltr'>materiai</span> 
     </span>
     <span class='ocr_line' id='line_1_7' title="bbox 253 884 1023 962; baseline 0 -19"><span class='ocrx_word' id='word_1_35' title='bbox 253 904 379 962; x_wconf 89' lang='lat' dir='ltr'>corpora</span> <span class='ocrx_word' id='word_1_36' title='bbox 392 904 438 944; x_wconf 89' lang='lat' dir='ltr'>res</span> <span class='ocrx_word' id='word_1_37' title='bbox 451 887 544 943; x_wconf 87' lang='lat' dir='ltr'>varias</span> <span class='ocrx_word' id='word_1_38' title='bbox 558 886 677 961; x_wconf 85' lang='lat' dir='ltr'>gignant</span> <span class='ocrx_word' id='word_1_39' title='bbox 690 886 862 961; x_wconf 83' lang='lat' dir='ltr'>genitasque</span> <span class='ocrx_word' id='word_1_40' title='bbox 876 884 1023 944; x_wconf 81' lang='lat' dir='ltr'>resolvant</span> 
     </span>
     <span class='ocr_line' id='line_1_8' title="bbox 253 975 982 1052; baseline 0 -18"><span class='ocrx_word' id='word_1_41' title='bbox 253 986 284 1034; x_wconf 90' lang='lat' dir='ltr'>et</span> <span class='ocrx_word' id='word_1_42' title='bbox 297 995 356 1052; x_wconf 90' lang='lat' dir='ltr'>qua</span> <span class='ocrx_word' id='word_1_43' title='bbox 368 977 397 1034; x_wconf 88' lang='lat' dir='ltr'>vi</span> <span class='ocrx_word' id='word_1_44' title='bbox 410 976 506 1034; x_wconf 80' lang='lat' dir='ltr'>facere</span> <span class='ocrx_word' id='word_1_45' title='bbox 520 975 551 1034; x_wconf 92' lang='lat' dir='ltr'>id</span> <span class='ocrx_word' id='word_1_46' title='bbox 565 985 707 1051; x_wconf 86' lang='lat' dir='ltr'>cogantur</span> <span class='ocrx_word' id='word_1_47' title='bbox 719 993 854 1050; x_wconf 86' lang='lat' dir='ltr'>quaeque</span> <span class='ocrx_word' id='word_1_48' title='bbox 868 976 905 1033; x_wconf 91' lang='lat' dir='ltr'>sit</span> <span class='ocrx_word' id='word_1_49' title='bbox 919 976 982 1034; x_wconf 90' lang='lat' dir='ltr'>ollis</span> 
     </span>
     <span class='ocr_line' id='line_1_9' title="bbox 252 1065 1161 1141; baseline 0 -17"><span class='ocrx_word' id='word_1_50' title='bbox 252 1065 368 1124; x_wconf 89' lang='lat' dir='ltr'>reddita</span> <span class='ocrx_word' id='word_1_51' title='bbox 382 1067 526 1124; x_wconf 84' lang='lat' dir='ltr'>mobilitas</span> <span class='ocrx_word' id='word_1_52' title='bbox 541 1084 680 1141; x_wconf 89' lang='lat' dir='ltr'>magnum</span> <span class='ocrx_word' id='word_1_53' title='bbox 693 1067 847 1140; x_wconf 88' lang='lat' dir='ltr'>perinane</span> <span class='ocrx_word' id='word_1_54' title='bbox 861 1065 990 1140; x_wconf 89' lang='lat' dir='ltr'>meandi,</span> <span class='ocrx_word' id='word_1_55' title='bbox 1129 1073 1161 1137; x_wconf 79' lang='lat'>⁶5</span> 
     </span>
     <span class='ocr_line' id='line_1_10' title="bbox 253 1155 954 1232; baseline 0.001 -18"><span class='ocrx_word' id='word_1_56' title='bbox 253 1156 427 1230; x_wconf 89' lang='lat' dir='ltr'>expediam:</span> <span class='ocrx_word' id='word_1_57' title='bbox 451 1166 482 1214; x_wconf 90' lang='lat' dir='ltr'>tu</span> <span class='ocrx_word' id='word_1_58' title='bbox 496 1165 526 1214; x_wconf 93' lang='lat' dir='ltr'>te</span> <span class='ocrx_word' id='word_1_59' title='bbox 540 1155 626 1214; x_wconf 89' lang='lat' dir='ltr'>dictis</span> <span class='ocrx_word' id='word_1_60' title='bbox 639 1156 781 1232; x_wconf 88' lang='lat' dir='ltr'>praebere</span> <span class='ocrx_word' id='word_1_61' title='bbox 795 1165 954 1216; x_wconf 80' lang='lat' dir='ltr'>memento</span> 
     </span>
     <span class='ocr_line' id='line_1_11' title="bbox 251 1245 898 1321; baseline 0.002 -17"><span class='ocrx_word' id='word_1_62' title='bbox 251 1265 322 1304; x_wconf 91' lang='lat' dir='ltr'>nam</span> <span class='ocrx_word' id='word_1_63' title='bbox 336 1255 415 1305; x_wconf 89' lang='lat' dir='ltr'>certe</span> <span class='ocrx_word' id='word_1_64' title='bbox 429 1265 491 1304; x_wconf 92' lang='lat' dir='ltr'>non</span> <span class='ocrx_word' id='word_1_65' title='bbox 505 1246 580 1304; x_wconf 91' lang='lat' dir='ltr'>inter</span> <span class='ocrx_word' id='word_1_66' title='bbox 593 1264 625 1304; x_wconf 90' lang='lat' dir='ltr'>se</span> <span class='ocrx_word' id='word_1_67' title='bbox 639 1247 745 1321; x_wconf 85' lang='lat' dir='ltr'>stipata</span> <span class='ocrx_word' id='word_1_68' title='bbox 759 1245 898 1305; x_wconf 89' lang='lat' dir='ltr'>cohaeret</span> 
     </span>
     <span class='ocr_line' id='line_1_12' title="bbox 252 1336 1044 1412; baseline 0 -17"><span class='ocrx_word' id='word_1_69' title='bbox 252 1337 395 1408; x_wconf 90' lang='lat' dir='ltr'>materies,</span> <span class='ocrx_word' id='word_1_70' title='bbox 411 1337 551 1412; x_wconf 89' lang='lat' dir='ltr'>quoniam</span> <span class='ocrx_word' id='word_1_71' title='bbox 565 1336 657 1394; x_wconf 91' lang='lat' dir='ltr'>minui</span> <span class='ocrx_word' id='word_1_72' title='bbox 670 1355 734 1395; x_wconf 90' lang='lat' dir='ltr'>rem</span> <span class='ocrx_word' id='word_1_73' title='bbox 747 1354 895 1411; x_wconf 89' lang='lat' dir='ltr'>quamque</span> <span class='ocrx_word' id='word_1_74' title='bbox 908 1336 1044 1396; x_wconf 84' lang='lat' dir='ltr'>videmus</span> 
     </span>
     <span class='ocr_line' id='line_1_13' title="bbox 252 1427 1018 1503; baseline 0.003 -18"><span class='ocrx_word' id='word_1_75' title='bbox 252 1437 282 1486; x_wconf 88' lang='lat' dir='ltr'>et</span> <span class='ocrx_word' id='word_1_76' title='bbox 297 1427 379 1503; x_wconf 91' lang='lat' dir='ltr'>quasi</span> <span class='ocrx_word' id='word_1_77' title='bbox 392 1427 553 1503; x_wconf 91' lang='lat' dir='ltr'>longinquo</span> <span class='ocrx_word' id='word_1_78' title='bbox 567 1427 656 1485; x_wconf 90' lang='lat' dir='ltr'>fluere</span> <span class='ocrx_word' id='word_1_79' title='bbox 671 1427 771 1485; x_wconf 89' lang='lat' dir='ltr'>omnia</span> <span class='ocrx_word' id='word_1_80' title='bbox 785 1427 930 1485; x_wconf 89' lang='lat' dir='ltr'>cernimus</span> <span class='ocrx_word' id='word_1_81' title='bbox 943 1445 1018 1488; x_wconf 91' lang='lat' dir='ltr'>aevo</span> 
     </span>
    </p>
   </div>
   <div class='ocr_carea' id='block_1_3' title="bbox 149 1516 1160 1594">
    <p class='ocr_par' dir='ltr' id='par_1_3' title="bbox 149 1516 1160 1594">
     <span class='ocr_line' id='line_1_14' title="bbox 149 1516 1160 1594; baseline -0.001 -18"><span class='ocrx_word' id='word_1_82' title='bbox 149 1587 152 1594; x_wconf 28' lang='lat'>¹</span> <span class='ocrx_word' id='word_1_83' title='bbox 252 1535 290 1576; x_wconf 86' lang='lat' dir='ltr'>ex</span> <span class='ocrx_word' id='word_1_84' title='bbox 303 1518 453 1592; x_wconf 90' lang='lat' dir='ltr'>oculisque</span> <span class='ocrx_word' id='word_1_85' title='bbox 467 1527 641 1576; x_wconf 87' lang='lat' dir='ltr'>vetustatem</span> <span class='ocrx_word' id='word_1_86' title='bbox 655 1516 820 1576; x_wconf 89' lang='lat' dir='ltr'>subducere</span> <span class='ocrx_word' id='word_1_87' title='bbox 833 1517 950 1589; x_wconf 92' lang='lat' dir='ltr'>nostris,</span> <span class='ocrx_word' id='word_1_88' title='bbox 1128 1540 1160 1587; x_wconf 83' lang='lat'>70</span> 
     </span>
    </p>
   </div>
   <div class='ocr_carea' id='block_1_4' title="bbox 250 1607 1093 1955">
    <p class='ocr_par' dir='ltr' id='par_1_4' title="bbox 250 1607 1093 1955">
     <span class='ocr_line' id='line_1_15' title="bbox 252 1607 1008 1666; baseline 0 0"><span class='ocrx_word' id='word_1_89' title='bbox 252 1626 320 1666; x_wconf 93' lang='lat' dir='ltr'>cum</span> <span class='ocrx_word' id='word_1_90' title='bbox 335 1617 432 1666; x_wconf 89' lang='lat' dir='ltr'>tamen</span> <span class='ocrx_word' id='word_1_91' title='bbox 448 1608 602 1666; x_wconf 90' lang='lat' dir='ltr'>incolumis</span> <span class='ocrx_word' id='word_1_92' title='bbox 616 1607 748 1665; x_wconf 88' lang='lat' dir='ltr'>videatur</span> <span class='ocrx_word' id='word_1_93' title='bbox 761 1627 876 1666; x_wconf 90' lang='lat' dir='ltr'>summa</span> <span class='ocrx_word' id='word_1_94' title='bbox 889 1626 1008 1666; x_wconf 89' lang='lat' dir='ltr'>manere</span> 
     </span>
     <span class='ocr_line' id='line_1_16' title="bbox 251 1696 1021 1774; baseline 0.001 -18"><span class='ocrx_word' id='word_1_95' title='bbox 251 1709 407 1773; x_wconf 89' lang='lat' dir='ltr'>propterea</span> <span class='ocrx_word' id='word_1_96' title='bbox 420 1698 498 1772; x_wconf 86' lang='lat' dir='ltr'>quia,</span> <span class='ocrx_word' id='word_1_97' title='bbox 513 1715 588 1773; x_wconf 90' lang='lat' dir='ltr'>quae</span> <span class='ocrx_word' id='word_1_98' title='bbox 603 1696 753 1757; x_wconf 89' lang='lat' dir='ltr'>decedunt</span> <span class='ocrx_word' id='word_1_99' title='bbox 767 1716 891 1774; x_wconf 92' lang='lat' dir='ltr'>corpora</span> <span class='ocrx_word' id='word_1_100' title='bbox 904 1699 1021 1773; x_wconf 89' lang='lat' dir='ltr'>cuique,</span> 
     </span>
     <span class='ocr_line' id='line_1_17' title="bbox 250 1788 1093 1865; baseline 0.001 -19"><span class='ocrx_word' id='word_1_101' title='bbox 250 1788 330 1846; x_wconf 93' lang='lat' dir='ltr'>unde</span> <span class='ocrx_word' id='word_1_102' title='bbox 344 1788 454 1846; x_wconf 92' lang='lat' dir='ltr'>abeunt</span> <span class='ocrx_word' id='word_1_103' title='bbox 467 1788 610 1860; x_wconf 90' lang='lat' dir='ltr'>minuunt,</span> <span class='ocrx_word' id='word_1_104' title='bbox 625 1806 686 1863; x_wconf 94' lang='lat' dir='ltr'>quo</span> <span class='ocrx_word' id='word_1_105' title='bbox 698 1805 806 1847; x_wconf 86' lang='lat' dir='ltr'>venere</span> <span class='ocrx_word' id='word_1_106' title='bbox 820 1788 957 1865; x_wconf 89' lang='lat' dir='ltr'>augmine</span> <span class='ocrx_word' id='word_1_107' title='bbox 971 1789 1093 1863; x_wconf 91' lang='lat' dir='ltr'>donant,</span> 
     </span>
     <span class='ocr_line' id='line_1_18' title="bbox 250 1877 1013 1955; baseline -0.003 -17"><span class='ocrx_word' id='word_1_108' title='bbox 250 1879 299 1937; x_wconf 91' lang='lat' dir='ltr'>illa</span> <span class='ocrx_word' id='word_1_109' title='bbox 312 1896 464 1938; x_wconf 81' lang='lat' dir='ltr'>senescere</span> <span class='ocrx_word' id='word_1_110' title='bbox 479 1887 509 1936; x_wconf 88' lang='lat' dir='ltr'>at</span> <span class='ocrx_word' id='word_1_111' title='bbox 523 1877 597 1936; x_wconf 87' lang='lat' dir='ltr'>haec</span> <span class='ocrx_word' id='word_1_112' title='bbox 610 1888 713 1937; x_wconf 92' lang='lat' dir='ltr'>contra</span> <span class='ocrx_word' id='word_1_113' title='bbox 726 1879 880 1938; x_wconf 90' lang='lat' dir='ltr'>florescere</span> <span class='ocrx_word' id='word_1_114' title='bbox 894 1889 1013 1955; x_wconf 87' lang='lat' dir='ltr'>cogunt,</span> 
     </span>
    </p>
   </div>
   <div class='ocr_carea' id='block_1_5' title="bbox 250 1969 1256 2047">
    <p class='ocr_par' dir='ltr' id='par_1_5' title="bbox 250 1969 1256 2047">
     <span class='ocr_line' id='line_1_19' title="bbox 250 1969 1256 2047; baseline 0.001 -19"><span class='ocrx_word' id='word_1_115' title='bbox 250 1987 307 2028; x_wconf 88' lang='lat' dir='ltr'>nec</span> <span class='ocrx_word' id='word_1_116' title='bbox 320 1978 501 2028; x_wconf 86' lang='lat' dir='ltr'>remorantur</span> <span class='ocrx_word' id='word_1_117' title='bbox 514 1969 562 2028; x_wconf 92' lang='lat' dir='ltr'>ibi.</span> <span class='ocrx_word' id='word_1_118' title='bbox 585 1969 626 2027; x_wconf 91' lang='lat' dir='ltr'>sic</span> <span class='ocrx_word' id='word_1_119' title='bbox 639 1987 736 2028; x_wconf 84' lang='lat' dir='ltr'>rerum</span> <span class='ocrx_word' id='word_1_120' title='bbox 750 1987 866 2029; x_wconf 88' lang='lat' dir='ltr'>summa</span> <span class='ocrx_word' id='word_1_121' title='bbox 878 1980 1002 2030; x_wconf 87' lang='lat' dir='ltr'>novatur</span> <span class='ocrx_word' id='word_1_122' title='bbox 1129 1989 1158 2044; x_wconf 86' lang='lat'>75</span> <span class='ocrx_word' id='word_1_123' title='bbox 1252 2042 1256 2047; x_wconf 12' lang='lat' dir='ltr'>g</span> 
     </span>
    </p>
   </div>
   <div class='ocr_carea' id='block_1_6' title="bbox 179 2060 1158 3582">
    <p class='ocr_par' dir='ltr' id='par_1_6' title="bbox 249 2060 1008 2407">
     <span class='ocr_line' id='line_1_20' title="bbox 250 2060 941 2136; baseline 0 -17"><span class='ocrx_word' id='word_1_124' title='bbox 250 2078 374 2136; x_wconf 84' lang='lat' dir='ltr'>semper,</span> <span class='ocrx_word' id='word_1_125' title='bbox 390 2068 419 2118; x_wconf 88' lang='lat' dir='ltr'>et</span> <span class='ocrx_word' id='word_1_126' title='bbox 433 2060 507 2118; x_wconf 91' lang='lat' dir='ltr'>inter</span> <span class='ocrx_word' id='word_1_127' title='bbox 521 2077 552 2117; x_wconf 97' lang='lat' dir='ltr'>se</span> <span class='ocrx_word' id='word_1_128' title='bbox 566 2060 702 2118; x_wconf 91' lang='lat' dir='ltr'>mortales</span> <span class='ocrx_word' id='word_1_129' title='bbox 715 2070 818 2119; x_wconf 89' lang='lat' dir='ltr'>mutua</span> <span class='ocrx_word' id='word_1_130' title='bbox 830 2062 941 2120; x_wconf 88' lang='lat' dir='ltr'>vivunt.</span> 
     </span>
     <span class='ocr_line' id='line_1_21' title="bbox 250 2151 905 2227; baseline 0.002 -18"><span class='ocrx_word' id='word_1_131' title='bbox 250 2160 411 2227; x_wconf 89' lang='lat' dir='ltr'>augescunt</span> <span class='ocrx_word' id='word_1_132' title='bbox 423 2151 496 2207; x_wconf 82' lang='lat' dir='ltr'>aliae</span> <span class='ocrx_word' id='word_1_133' title='bbox 510 2160 621 2227; x_wconf 88' lang='lat' dir='ltr'>gentes,</span> <span class='ocrx_word' id='word_1_134' title='bbox 636 2151 710 2208; x_wconf 89' lang='lat' dir='ltr'>aliae</span> <span class='ocrx_word' id='word_1_135' title='bbox 724 2151 905 2225; x_wconf 89' lang='lat' dir='ltr'>minuuntur,</span> 
     </span>
     <span class='ocr_line' id='line_1_22' title="bbox 249 2240 1008 2316; baseline 0 -16"><span class='ocrx_word' id='word_1_136' title='bbox 249 2241 339 2316; x_wconf 88' lang='lat' dir='ltr'>inque</span> <span class='ocrx_word' id='word_1_137' title='bbox 352 2241 433 2299; x_wconf 89' lang='lat' dir='ltr'>brevi</span> <span class='ocrx_word' id='word_1_138' title='bbox 446 2240 540 2315; x_wconf 88' lang='lat' dir='ltr'>spatio</span> <span class='ocrx_word' id='word_1_139' title='bbox 554 2250 703 2299; x_wconf 86' lang='lat' dir='ltr'>mutantur</span> <span class='ocrx_word' id='word_1_140' title='bbox 716 2241 812 2299; x_wconf 90' lang='lat' dir='ltr'>saecla</span> <span class='ocrx_word' id='word_1_141' title='bbox 825 2243 1008 2300; x_wconf 88' lang='lat' dir='ltr'>animantum</span> 
     </span>
     <span class='ocr_line' id='line_1_23' title="bbox 250 2329 899 2407; baseline 0.003 -18"><span class='ocrx_word' id='word_1_142' title='bbox 250 2341 280 2389; x_wconf 94' lang='lat' dir='ltr'>et</span> <span class='ocrx_word' id='word_1_143' title='bbox 293 2330 376 2407; x_wconf 88' lang='lat' dir='ltr'>quasi</span> <span class='ocrx_word' id='word_1_144' title='bbox 390 2349 521 2389; x_wconf 88' lang='lat' dir='ltr'>cursores</span> <span class='ocrx_word' id='word_1_145' title='bbox 534 2331 604 2389; x_wconf 87' lang='lat' dir='ltr'>vitai</span> <span class='ocrx_word' id='word_1_146' title='bbox 617 2329 757 2407; x_wconf 83' lang='lat' dir='ltr'>lampada</span> <span class='ocrx_word' id='word_1_147' title='bbox 771 2332 899 2391; x_wconf 88' lang='lat' dir='ltr'>tradunt.</span> 
     </span>
    </p>

    <p class='ocr_par' dir='ltr' id='par_1_7' title="bbox 179 2421 1158 3582">
     <span class='ocr_line' id='line_1_24' title="bbox 285 2421 1158 2497; baseline 0 -16"><span class='ocrx_word' id='word_1_148' title='bbox 285 2421 315 2481; x_wconf 93' lang='lat' dir='ltr'>Si</span> <span class='ocrx_word' id='word_1_149' title='bbox 329 2439 441 2479; x_wconf 89' lang='lat' dir='ltr'>cessare</span> <span class='ocrx_word' id='word_1_150' title='bbox 455 2430 541 2497; x_wconf 87' lang='lat' dir='ltr'>putas</span> <span class='ocrx_word' id='word_1_151' title='bbox 554 2439 651 2479; x_wconf 89' lang='lat' dir='ltr'>rerum</span> <span class='ocrx_word' id='word_1_152' title='bbox 665 2422 827 2497; x_wconf 90' lang='lat' dir='ltr'>primordia</span> <span class='ocrx_word' id='word_1_153' title='bbox 840 2440 927 2497; x_wconf 90' lang='lat' dir='ltr'>posse</span> <span class='ocrx_word' id='word_1_154' title='bbox 1124 2430 1158 2481; x_wconf 89' lang='lat'>80</span> 
     </span>
     <span class='ocr_line' id='line_1_25' title="bbox 249 2511 978 2589; baseline 0.004 -21"><span class='ocrx_word' id='word_1_155' title='bbox 249 2511 453 2587; x_wconf 87' lang='lat' dir='ltr'>cessandoque</span> <span class='ocrx_word' id='word_1_156' title='bbox 467 2530 560 2570; x_wconf 90' lang='lat' dir='ltr'>novos</span> <span class='ocrx_word' id='word_1_157' title='bbox 573 2530 670 2569; x_wconf 90' lang='lat' dir='ltr'>rerum</span> <span class='ocrx_word' id='word_1_158' title='bbox 684 2514 859 2589; x_wconf 88' lang='lat' dir='ltr'>progignere</span> <span class='ocrx_word' id='word_1_159' title='bbox 872 2521 978 2584; x_wconf 90' lang='lat' dir='ltr'>motus,</span> 
     </span>
     <span class='ocr_line' id='line_1_26' title="bbox 249 2601 803 2679; baseline 0.005 -20"><span class='ocrx_word' id='word_1_160' title='bbox 249 2602 329 2660; x_wconf 91' lang='lat' dir='ltr'>avius</span> <span class='ocrx_word' id='word_1_161' title='bbox 342 2620 361 2659; x_wconf 91' lang='lat' dir='ltr'>a</span> <span class='ocrx_word' id='word_1_162' title='bbox 373 2620 441 2659; x_wconf 91' lang='lat' dir='ltr'>vera</span> <span class='ocrx_word' id='word_1_163' title='bbox 453 2601 540 2677; x_wconf 88' lang='lat' dir='ltr'>longe</span> <span class='ocrx_word' id='word_1_164' title='bbox 554 2602 666 2660; x_wconf 89' lang='lat' dir='ltr'>ratione</span> <span class='ocrx_word' id='word_1_165' title='bbox 681 2604 803 2679; x_wconf 88' lang='lat' dir='ltr'>vagaris.</span> 
     </span>
     <span class='ocr_line' id='line_1_27' title="bbox 248 2692 1085 2769; baseline 0.004 -20"><span class='ocrx_word' id='word_1_166' title='bbox 248 2710 318 2751; x_wconf 91' lang='lat' dir='ltr'>nam</span> <span class='ocrx_word' id='word_1_167' title='bbox 331 2692 470 2768; x_wconf 87' lang='lat' dir='ltr'>quoniam</span> <span class='ocrx_word' id='word_1_168' title='bbox 484 2710 537 2768; x_wconf 89' lang='lat' dir='ltr'>per</span> <span class='ocrx_word' id='word_1_169' title='bbox 550 2692 637 2750; x_wconf 87' lang='lat' dir='ltr'>inane</span> <span class='ocrx_word' id='word_1_170' title='bbox 651 2704 801 2769; x_wconf 87' lang='lat' dir='ltr'>vagantur,</span> <span class='ocrx_word' id='word_1_171' title='bbox 816 2702 923 2752; x_wconf 90' lang='lat' dir='ltr'>cuncta</span> <span class='ocrx_word' id='word_1_172' title='bbox 936 2701 1085 2754; x_wconf 85' lang='lat' dir='ltr'>necessest</span> 
     </span>
     <span class='ocr_line' id='line_1_28' title="bbox 248 2783 879 2861; baseline 0 -20"><span class='ocrx_word' id='word_1_173' title='bbox 248 2791 298 2841; x_wconf 85' lang='lat' dir='ltr'>aut</span> <span class='ocrx_word' id='word_1_174' title='bbox 311 2783 448 2858; x_wconf 87' lang='lat' dir='ltr'>gravitate</span> <span class='ocrx_word' id='word_1_175' title='bbox 463 2802 515 2841; x_wconf 91' lang='lat' dir='ltr'>sua</span> <span class='ocrx_word' id='word_1_176' title='bbox 529 2783 594 2841; x_wconf 88' lang='lat' dir='ltr'>ferri</span> <span class='ocrx_word' id='word_1_177' title='bbox 609 2784 771 2861; x_wconf 87' lang='lat' dir='ltr'>primordia</span> <span class='ocrx_word' id='word_1_178' title='bbox 783 2802 879 2843; x_wconf 91' lang='lat' dir='ltr'>rerum</span> 
     </span>
     <span class='ocr_line' id='line_1_29' title="bbox 248 2873 1153 2950; baseline -0.001 -20"><span class='ocrx_word' id='word_1_179' title='bbox 248 2882 299 2931; x_wconf 91' lang='lat' dir='ltr'>aut</span> <span class='ocrx_word' id='word_1_180' title='bbox 312 2874 371 2931; x_wconf 90' lang='lat' dir='ltr'>ictu</span> <span class='ocrx_word' id='word_1_181' title='bbox 385 2874 458 2931; x_wconf 89' lang='lat' dir='ltr'>forte</span> <span class='ocrx_word' id='word_1_182' title='bbox 472 2873 595 2934; x_wconf 86' lang='lat' dir='ltr'>alterius.</span> <span class='ocrx_word' id='word_1_183' title='bbox 616 2893 687 2933; x_wconf 88' lang='lat' dir='ltr'>nam</span> <span class='ocrx_word' id='word_1_184' title='bbox 701 2875 842 2933; x_wconf 85' lang='lat' dir='ltr'>cumcita</span> <span class='ocrx_word' id='word_1_185' title='bbox 854 2891 943 2950; x_wconf 91' lang='lat' dir='ltr'>saepe</span> <span class='ocrx_word' id='word_1_186' title='bbox 1122 2880 1153 2944; x_wconf 80' lang='lat'>85</span> 
     </span>
     <span class='ocr_line' id='line_1_30' title="bbox 179 2963 871 3041; baseline 0 -19"><span class='ocrx_word' id='word_1_187' title='bbox 179 3022 184 3031; x_wconf 74' lang='grc'><strong>,</strong></span> <span class='ocrx_word' id='word_1_188' title='bbox 248 2964 335 3023; x_wconf 88' lang='lat' dir='ltr'>obvia</span> <span class='ocrx_word' id='word_1_189' title='bbox 349 2963 515 3038; x_wconf 87' lang='lat' dir='ltr'>conflixere,</span> <span class='ocrx_word' id='word_1_190' title='bbox 528 2965 563 3023; x_wconf 87' lang='lat' dir='ltr'>fit</span> <span class='ocrx_word' id='word_1_191' title='bbox 577 2975 610 3024; x_wconf 88' lang='lat' dir='ltr'>ut</span> <span class='ocrx_word' id='word_1_192' title='bbox 623 2964 738 3025; x_wconf 89' lang='lat' dir='ltr'>diversa</span> <span class='ocrx_word' id='word_1_193' title='bbox 750 2975 871 3041; x_wconf 89' lang='lat' dir='ltr'>repente</span> 
     </span>
     <span class='ocr_line' id='line_1_31' title="bbox 248 3052 1074 3131; baseline 0.001 -20"><span class='ocrx_word' id='word_1_194' title='bbox 248 3052 407 3128; x_wconf 72' lang='lat' dir='ltr'>dissiliant,</span> <span class='ocrx_word' id='word_1_195' title='bbox 428 3073 526 3131; x_wconf 90' lang='lat' dir='ltr'>neque</span> <span class='ocrx_word' id='word_1_196' title='bbox 541 3057 621 3115; x_wconf 88' lang='lat' dir='ltr'>enim</span> <span class='ocrx_word' id='word_1_197' title='bbox 634 3057 750 3125; x_wconf 90' lang='lat' dir='ltr'>mirum,</span> <span class='ocrx_word' id='word_1_198' title='bbox 761 3054 914 3113; x_wconf 89' lang='lat' dir='ltr'>durissima</span> <span class='ocrx_word' id='word_1_199' title='bbox 928 3072 1002 3128; x_wconf 91' lang='lat' dir='ltr'>quae</span> <span class='ocrx_word' id='word_1_200' title='bbox 1017 3054 1074 3112; x_wconf 89' lang='lat' dir='ltr'>sint</span> 
     </span>
     <span class='ocr_line' id='line_1_32' title="bbox 247 3144 1154 3222; baseline 0.002 -21"><span class='ocrx_word' id='word_1_201' title='bbox 247 3144 427 3219; x_wconf 90' lang='lat' dir='ltr'>ponderibus</span> <span class='ocrx_word' id='word_1_202' title='bbox 441 3147 542 3205; x_wconf 90' lang='lat' dir='ltr'>solidis</span> <span class='ocrx_word' id='word_1_203' title='bbox 555 3164 653 3222; x_wconf 91' lang='lat' dir='ltr'>neque</span> <span class='ocrx_word' id='word_1_204' title='bbox 668 3146 826 3221; x_wconf 89' lang='lat' dir='ltr'>quicquam</span> <span class='ocrx_word' id='word_1_205' title='bbox 841 3164 859 3202; x_wconf 98' lang='lat' dir='ltr'>a</span> <span class='ocrx_word' id='word_1_206' title='bbox 872 3154 954 3219; x_wconf 90' lang='lat' dir='ltr'>tergo</span> <span class='ocrx_word' id='word_1_207' title='bbox 969 3145 1033 3202; x_wconf 88' lang='lat' dir='ltr'>ibus</span> <span class='ocrx_word' id='word_1_208' title='bbox 1047 3145 1154 3204; x_wconf 77' lang='lat' dir='ltr'>obstet</span> 
     </span>
     <span class='ocr_line' id='line_1_33' title="bbox 209 3235 830 3313; baseline 0 -21"><span class='ocrx_word' id='word_1_209' title='bbox 209 3306 210 3310; x_wconf 6' lang='grc' dir='ltr'><strong>Ἰ</strong></span> <span class='ocrx_word' id='word_1_210' title='bbox 248 3244 278 3293; x_wconf 89' lang='lat' dir='ltr'>et</span> <span class='ocrx_word' id='word_1_211' title='bbox 291 3253 351 3310; x_wconf 91' lang='lat' dir='ltr'>quo</span> <span class='ocrx_word' id='word_1_212' title='bbox 366 3236 465 3295; x_wconf 87' lang='lat' dir='ltr'>iactari</span> <span class='ocrx_word' id='word_1_213' title='bbox 478 3237 572 3313; x_wconf 89' lang='lat' dir='ltr'>magis</span> <span class='ocrx_word' id='word_1_214' title='bbox 586 3238 685 3295; x_wconf 89' lang='lat' dir='ltr'>omnia</span> <span class='ocrx_word' id='word_1_215' title='bbox 697 3235 830 3294; x_wconf 88' lang='lat' dir='ltr'>materiai</span> 
     </span>
     <span class='ocr_line' id='line_1_34' title="bbox 248 3324 1154 3403; baseline -0.003 -20"><span class='ocrx_word' id='word_1_216' title='bbox 248 3343 372 3401; x_wconf 90' lang='lat' dir='ltr'>corpora</span> <span class='ocrx_word' id='word_1_217' title='bbox 385 3326 546 3403; x_wconf 87' lang='lat' dir='ltr'>pervideas,</span> <span class='ocrx_word' id='word_1_218' title='bbox 561 3327 747 3385; x_wconf 87' lang='lat' dir='ltr'>reminiscere</span> <span class='ocrx_word' id='word_1_219' title='bbox 761 3325 849 3383; x_wconf 87' lang='lat' dir='ltr'>totius</span> <span class='ocrx_word' id='word_1_220' title='bbox 863 3324 954 3381; x_wconf 91' lang='lat' dir='ltr'>imum</span> <span class='ocrx_word' id='word_1_221' title='bbox 1118 3345 1154 3397; x_wconf 87' lang='lat'>90</span> 
     </span>
     <span class='ocr_line' id='line_1_35' title="bbox 246 3413 1090 3491; baseline 0 -18"><span class='ocrx_word' id='word_1_222' title='bbox 246 3416 288 3473; x_wconf 90' lang='lat' dir='ltr'>nil</span> <span class='ocrx_word' id='word_1_223' title='bbox 301 3435 365 3475; x_wconf 89' lang='lat' dir='ltr'>esse</span> <span class='ocrx_word' id='word_1_224' title='bbox 379 3417 410 3476; x_wconf 92' lang='lat' dir='ltr'>in</span> <span class='ocrx_word' id='word_1_225' title='bbox 424 3435 546 3488; x_wconf 90' lang='lat' dir='ltr'>summa,</span> <span class='ocrx_word' id='word_1_226' title='bbox 561 3435 657 3491; x_wconf 90' lang='lat' dir='ltr'>neque</span> <span class='ocrx_word' id='word_1_227' title='bbox 673 3414 780 3473; x_wconf 86' lang='lat' dir='ltr'>habere</span> <span class='ocrx_word' id='word_1_228' title='bbox 794 3415 845 3473; x_wconf 90' lang='lat' dir='ltr'>ubi</span> <span class='ocrx_word' id='word_1_229' title='bbox 858 3432 982 3489; x_wconf 88' lang='lat' dir='ltr'>corpora</span> <span class='ocrx_word' id='word_1_230' title='bbox 996 3413 1090 3489; x_wconf 79' lang='lat' dir='ltr'>prima</span> 
     </span>
     <span class='ocr_line' id='line_1_36' title="bbox 247 3503 1052 3582; baseline -0.004 -17"><span class='ocrx_word' id='word_1_231' title='bbox 247 3507 416 3579; x_wconf 89' lang='lat' dir='ltr'>consistant,</span> <span class='ocrx_word' id='word_1_232' title='bbox 432 3508 572 3582; x_wconf 86' lang='lat' dir='ltr'>quoniam</span> <span class='ocrx_word' id='word_1_233' title='bbox 587 3506 712 3582; x_wconf 88' lang='lat' dir='ltr'>spatium</span> <span class='ocrx_word' id='word_1_234' title='bbox 727 3506 789 3563; x_wconf 92' lang='lat' dir='ltr'>sine</span> <span class='ocrx_word' id='word_1_235' title='bbox 803 3505 861 3563; x_wconf 89' lang='lat' dir='ltr'>fine</span> <span class='ocrx_word' id='word_1_236' title='bbox 875 3503 1052 3581; x_wconf 89' lang='lat' dir='ltr'>modoquest</span> 
     </span>
    </p>
   </div>
   <div class='ocr_carea' id='block_1_7' title="bbox 0 0 1400 4025">
    <p class='ocr_par' dir='ltr' id='par_1_8' title="bbox 0 0 1400 4025">
     <span class='ocr_line' id='line_1_37' title="bbox 0 0 1400 4025; baseline 0 3"><span class='ocrx_word' id='word_1_237' title='bbox 0 0 1400 4025; x_wconf 95' lang='lat' dir='ltr'> </span> 
     </span>
    </p>
   </div>
  </div>
 </body>
</html>
