2792 4025
272 278 312 344 54
603 276 836 332 nuenarius
1116 273 1172 345 [11.

269 439 400 496 sensibus
412 459 419 508 ;
441 446 473 496 ut
487 455 590 495 noscas
604 438 704 512 primis
718 436 831 494 differre
846 435 951 510 figuris.
1123 441 1171 504 685

269 528 422 586 dissimiles
436 529 521 603 igitur
534 528 643 586 formae
658 529 855 602 glomeramen
870 527 899 584 in
914 544 1006 584 unum

269 619 448 676 conveniunt
462 626 491 675 et
504 636 550 675 res
565 618 709 692 permixto
723 618 834 675 semine
849 626 992 674 constant.

269 709 340 783 quin
355 709 442 766 etiam
453 708 561 783 passim
575 708 680 766 nostris
694 708 725 764 in
739 707 868 764 versibus
882 707 952 781 ipsis

269 799 359 856 multa
373 799 518 856 elementa
531 797 612 856 vides
627 798 724 855 multis
739 798 908 855 communia
920 797 1024 867 verbis,

269 906 338 945 cum
351 897 448 946 tamen
463 890 538 947 inter
551 907 582 947 se
596 906 694 945 versus
709 906 744 944 ac
758 888 847 945 verba
861 905 982 944 necesse
997 895 1042 944 est
1122 892 1172 957 690

269 978 425 1036 confiteare
440 980 495 1036 alia
509 998 545 1037 ex
559 980 620 1036 aliis
634 988 768 1036 constare
783 978 934 1034 elementis
946 998 954 1048 ;

268 1086 328 1126 non
344 1087 403 1143 quo
418 1070 509 1126 multa
522 1087 623 1144 pamm
638 1069 806 1126 communis
820 1069 914 1125 littera
926 1077 1022 1125 currat

269 1168 319 1216 aut
332 1159 409 1216 nulla
423 1160 497 1217 inter
510 1177 541 1217 se
556 1159 616 1217 duo
631 1160 688 1217 sint
703 1177 740 1216 ex
753 1158 890 1215 omnibus
905 1157 1009 1227 isdem,

268 1248 321 1307 sed
335 1250 476 1323 quianon
490 1250 576 1325 volgo
590 1250 670 1324 paria
684 1248 820 1306 omnibus
833 1248 934 1305 omnia
947 1256 1091 1306 constant.

268 1339 309 1396 sic
324 1339 384 1397 aliis
400 1340 428 1396 in
443 1340 529 1398 rebus
543 1340 613 1397 item
628 1339 796 1396 communia
809 1339 900 1395 multa
1123 1343 1170 1408 695

269 1430 423 1487 multarum
437 1449 531 1487 rerum
547 1448 615 1486 curn
629 1431 686 1487 sint
699 1429 867 1505 primordia,
881 1447 982 1486 verum

269 1519 399 1577 dissimili
413 1530 512 1578 tamen
526 1521 602 1578 inter
615 1538 646 1577 se
661 1521 820 1577 consistere
835 1538 949 1578 summa

269 1620 410 1684 possunt3
432 1620 464 1667 ut
478 1611 582 1668 merito
596 1626 633 1666 ex
647 1611 709 1667 aliis
724 1619 856 1667 constare
871 1611 978 1668 feratur

269 1700 429 1758 humanum
443 1718 535 1775 genus
549 1711 578 1758 et
592 1698 688 1775 smges
702 1701 875 1775 arbustaque
890 1701 974 1758 laeta.

310 1791 375 1847 Nec
385 1801 483 1848 tamen
492 1791 669 1849 omnimodis
679 1792 794 1848 conecti
803 1809 889 1866 posse
896 1789 1060 1865 putandum
1070 1800 1114 1848 est
1125 1810 1172 1855 700

269 1881 386 1951 omnia3
408 1900 476 1938 nam
490 1881 576 1956 volgo
590 1882 652 1939 fieri
668 1891 803 1955 portenta
816 1881 939 1951 videres,

269 1971 415 2031 semiferas
431 1971 582 2030 hominum
597 1973 710 2048 species
725 1972 847 2031 existere
862 1980 891 2030 et
906 1972 979 2032 altos

268 2062 414 2120 interdum
428 2081 523 2121 ramos
538 2063 633 2137 egigni
648 2082 770 2139 corpore
784 2064 859 2133 vivo,

268 2153 417 2226 multaque
431 2153 547 2211 conecti
562 2154 704 2211 terrestria
718 2154 850 2211 membra
864 2154 990 2225 marinis,

268 2251 330 2300 tum
345 2244 491 2300 flammam
507 2253 598 2301 taetro
613 2244 746 2318 spirantis
761 2261 811 2301 ore
827 2243 996 2301 Chimaeras
1124 2260 1171 2312 705

268 2350 388 2408 pascere
403 2345 534 2391 naturam
549 2352 601 2408 per
615 2344 703 2392 terras
718 2335 937 2408 omniparentis

268 2442 392 2499 quorum
407 2424 446 2481 nil
461 2425 522 2482 lieri
537 2425 720 2482 manifestum
736 2434 789 2495 est,
805 2425 904 2482 omnia
918 2422 1039 2500 quando

268 2515 426 2572 seminibus
442 2516 526 2572 certis
541 2524 620 2571 certa
634 2516 782 2589 genetrice
797 2525 895 2572 creata

268 2622 438 2662 conservare
453 2623 544 2679 genus
559 2606 721 2679 crescentia
735 2623 820 2679 posse
834 2604 977 2663 videmus.

268 2694 379 2752 scilicet
394 2694 424 2752 id
439 2705 517 2752 certa
532 2695 593 2753 fieri
606 2695 717 2753 ratione
732 2705 891 2753 necessust.
1124 2714 1173 2761 710

268 2804 337 2842 narn
351 2804 404 2842 sua
417 2786 522 2859 cuique
538 2786 609 2845 cibis
624 2804 661 2842 ex
675 2787 811 2843 omnibus
826 2786 902 2843 intus
917 2786 947 2843 in
961 2794 1038 2843 artus

268 2893 391 2949 corpore
407 2874 562 2933 discedunt
576 2894 748 2950 conexaque
763 2876 964 2933 convenientis

269 2965 397 3022 efficiunt
412 2976 528 3038 motus3
549 2976 579 3023 at
593 2977 696 3023 contra
710 2966 803 3023 aliena
817 2966 951 3024 videmus

268 3056 376 3113 reicere
392 3056 422 3113 in
436 3066 524 3113 terras
538 3066 680 3128 naturam,
695 3057 843 3130 multaque
858 3058 954 3114 caecis

268 3147 438 3222 corporibus
452 3147 565 3221 fugiunt
579 3166 595 3206 e
611 3165 733 3221 corpore
748 3148 859 3221 percita
873 3147 973 3221 plagis,
1124 3165 1152 3211 71
1157 3163 1170 3215 5

268 3255 343 3312 quae
358 3254 454 3310 neque
469 3239 585 3295 conecti
600 3255 750 3312 quoquam
765 3246 887 3311 potuere
902 3254 999 3312 neque
1014 3236 1091 3294 intus

267 3328 359 3385 vitalis
373 3338 470 3385 motus
485 3328 649 3385 consentire
664 3338 752 3401 atque
767 3328 881 3384 imitari.

268 3416 321 3475 sed
335 3434 373 3475 ne
387 3418 460 3475 forte
474 3427 560 3492 putes
574 3418 710 3475 animalia
724 3417 786 3475 sola
799 3417 892 3474 teneri

267 3506 381 3583 legibus
394 3508 484 3580 hisce,
499 3526 535 3565 ea
547 3525 593 3565 res
607 3507 680 3565 ratio
696 3506 877 3564 disterminat
891 3507 996 3566 omnis.
