2792 4025
265 239 276 285 Ι
283 238 326 305 70
539 235 544 242 ’
598 238 830 293 LUCRETIUS
1115 238 1166 309 [V·

259 400 380 475 iuraque
394 399 580 472 constituere,
595 409 628 459 ut
641 400 748 459 vellent
762 400 874 477 legibus
888 399 939 459 uti.

259 508 328 548 nam
341 508 434 566 genus
448 490 617 562 humanum,
632 490 780 550 defessum
794 492 821 549 vi
836 491 932 549 colere
947 508 1060 563 aevom,
1105 507 1165 561 ¹145

260 599 297 638 ex
310 581 466 638 inimicitiis
481 581 656 656 languebat;
678 600 738 655 quo
753 582 845 656 magis
859 583 955 657 ipsum

259 681 364 746 sponte
380 689 432 729 sua
445 671 554 729 cecidit
567 672 621 730 sub
635 672 715 747 leges
729 681 848 747 artaque
862 672 931 729 iura.

259 762 353 819 acrius
367 780 404 819 ex
416 762 458 820 ira
471 760 554 836 quod
568 762 648 819 enirn
664 780 696 819 se
711 763 834 838 quisque
848 762 968 837 parabat

258 852 361 910 ulcisci
374 870 463 927 quam
477 870 557 910 nunc
570 862 774 911 concessumst
787 852 898 927 legibus
912 851 1022 926 aequis,

259 941 336 999 hanc
345 942 385 1000 ob
393 960 456 1000 rem
465 951 509 1001 est
518 942 652 1001 homines
660 951 827 1018 pertaesum
836 942 864 999 vi
872 942 969 1000 colere
977 957 1091 999 aevom.
1104 958 1166 1011 1150

258 1031 328 1090 inde
342 1041 438 1091 metus
451 1033 579 1091 maculat
592 1050 755 1108 poenarum
769 1033 898 1107 praemia
911 1032 997 1091 vitae.

259 1123 436 1181 circumretit
451 1123 530 1181 enim
544 1124 588 1181 vis
602 1132 690 1198 atque
705 1123 810 1181 iniuria
824 1140 971 1197 quemque
1070 1164 1075 1175 .

259 1222 359 1288 atque,
373 1212 453 1271 unde
468 1222 605 1285 exortast,
620 1214 659 1272 ad
674 1231 743 1271 eum
758 1213 930 1288 plerumque
944 1209 1069 1282 revertit,

257 1321 316 1362 nec
331 1303 442 1362 facilest
456 1303 603 1379 placidam
618 1322 653 1361 ac
667 1314 803 1379 pacatam
818 1302 924 1377 degere
939 1302 1028 1360 vitam

257 1395 309 1469 qui
322 1394 410 1453 violat
424 1394 507 1453 sactis
521 1394 690 1452 communia
704 1393 824 1452 foedera
836 1394 927 1468 pacis.
1102 1406 1164 1461 1155

258 1485 312 1542 etsi
325 1484 395 1543 fallit
409 1485 488 1543 enim
502 1483 602 1542 divom
616 1502 710 1559 genus
724 1483 953 1557 humanumque,

257 1584 400 1650 perpetuo
415 1583 516 1632 tamen
529 1574 562 1632 id
576 1574 637 1633 sore
651 1574 727 1631 clam
742 1573 874 1632 diffidere
889 1573 997 1644 debet3

256 1666 367 1739 quippe
381 1666 431 1723 ubi
445 1683 477 1723 se
491 1665 575 1723 multi
588 1682 641 1741 per
655 1665 770 1723 somnia
784 1682 872 1740 saepe
886 1664 1039 1739 loquentes

256 1765 307 1813 aut
321 1756 424 1813 morbo
438 1755 594 1814 delirantes
609 1766 742 1831 protraxe
758 1756 886 1813 serantur

256 1855 286 1903 et
300 1846 393 1903 celata
406 1846 482 1903 mala
495 1846 526 1903 in
540 1845 671 1905 medium
686 1855 716 1903 et
730 1854 853 1920 peccata
868 1842 1011 1922 dedisse].
1102 1853 1165 1903 1160

297 1937 386 1993 Nunc
400 1954 475 2012 quae
490 1955 579 1994 causa
592 1935 681 1994 deum
695 1954 750 2010 per
763 1954 882 2010 magnas
896 1936 1017 1994 numina
1029 1936 1124 2011 gentis

255 2027 429 2104 pervulgarit
443 2036 472 2086 et
486 2046 599 2086 ararum
613 2027 804 2103 compleverit
818 2027 896 2084 urbis

257 2118 501 2194 suscipiendaque
516 2117 621 2175 curarit
635 2117 787 2175 sollemnia
801 2135 892 2188 sacra,

255 2227 332 2284 quae
346 2228 426 2267 nunc
440 2209 470 2266 in
485 2209 597 2283 magnis
612 2208 716 2266 florent
730 2226 811 2264 sacra
824 2208 905 2264 rebu’
920 2207 1064 2282 locisque,

258 2299 338 2358 unde
354 2300 442 2357 etiam
457 2318 535 2357 nunc
551 2308 595 2356 est
608 2298 778 2357 mortalibus
794 2298 895 2355 insitus
910 2297 1010 2356 horror
1101 2305 1162 2370 1165

256 2391 306 2466 qui
321 2390 443 2450 delubra
457 2389 547 2448 deum
561 2408 638 2447 nova
652 2399 715 2447 toto
730 2389 849 2446 suscitat
864 2388 927 2446 orbi

255 2489 394 2539 terrarum
409 2490 438 2538 et
452 2480 530 2538 festis
545 2480 625 2554 cogit
639 2480 785 2537 celebrare
801 2479 913 2550 diebus

255 2589 317 2628 non
331 2571 371 2628 ita
385 2570 530 2628 difficilest
542 2571 686 2628 rationem
701 2568 824 2626 reddere
839 2568 942 2626 verbis

255 2661 367 2737 quippe
383 2662 492 2718 etenim
507 2661 565 2718 iam
580 2669 643 2718 tum
657 2660 758 2718 divom
774 2659 905 2717 mortalia
919 2659 1015 2716 saecla

255 2752 385 2826 egregias
400 2752 499 2808 animo
513 2751 601 2808 facies
616 2750 751 2824 vigilante
766 2749 905 2807 videbant
1101 2768 1163 2814 1170

256 2852 285 2899 et
299 2842 390 2916 magis
404 2842 433 2897 in
448 2841 557 2898 somnis
572 2839 705 2898 mirando
720 2840 850 2916 eorporis
865 2848 962 2896 auctu.

255 2931 300 2990 his
314 2931 400 3005 igitur
413 2949 532 2988 sensum
547 2930 712 2988 tribuebant
726 2940 882 3006 propterea
895 2928 977 3004 quod

255 3023 388 3080 membra
400 3039 518 3079 movere
532 3019 706 3078 videbantur
719 3039 866 3094 vocesque
882 3021 1021 3094 superbas

255 3113 369 3170 mittere
383 3130 437 3186 pro
451 3111 526 3168 facie
540 3111 690 3184 praeclara
704 3120 734 3167 et
747 3111 853 3168 viribus
867 3111 979 3185 amplis.

255 3214 462 3277 aeternamque
477 3200 587 3259 dabant
601 3202 698 3271 vitam,
715 3201 783 3275 quia
797 3219 912 3275 semper
927 3218 1028 3258 eorum
1098 3217 1159 3270 1'175

255 3292 496 3367 subpeditabatur
509 3291 598 3349 facies
613 3301 643 3348 et
657 3291 750 3348 forma
764 3290 910 3361 manebat,

256 3393 286 3440 et
300 3392 399 3440 tamen
413 3382 534 3440 omnino
550 3381 631 3455 quod
645 3381 732 3438 tantis
745 3380 851 3438 viribus
865 3389 967 3437 auctos

255 3491 317 3531 non
330 3482 440 3530 temere
454 3471 513 3529 ulla
525 3471 553 3527 vi
568 3470 703 3528 convinci
717 3487 803 3545 posse
818 3470 968 3545 putabant.
