2792 4025
231 294 283 366 v.]
465 295 521 348 ns
548 296 694 349 Renum
721 261 893 352 urruns
1078 302 1138 365 139

230 476 288 517 nec
300 456 409 516 validas
422 457 537 515 valeant
551 458 614 515 aevi
628 456 794 516 rescindere
808 459 897 534 leges,

230 566 291 623 quo
305 566 411 624 genere
426 548 456 605 in
471 548 569 622 primis
584 548 673 605 animi
687 557 790 605 natura
802 558 918 623 reperta
932 559 976 607 est

229 640 327 697 nativo
342 639 468 712 primum
482 638 640 695 consistere
655 656 778 712 corpore
793 649 872 696 creta
1103 648 1137 699 60

229 746 286 786 nec
300 746 388 804 posse
403 728 556 786 incolumis
570 746 709 804 magnum
724 728 828 786 durare
842 746 895 804 per
908 748 1021 804 aevom,

231 818 285 876 sed
300 818 453 876 simulacra
466 818 559 876 solere
574 818 604 875 in
619 819 729 877 somnis
743 819 839 877 fallere
855 831 993 893 mentem,

230 926 349 966 cernere
364 927 432 966 cum
447 908 599 965 videamur
612 927 681 966 eum
694 927 784 983 quem
798 911 856 968 vita
870 911 993 987 reliquit,

230 998 311 1073 quod
326 1008 465 1073 superest,
480 1015 559 1055 nune
574 998 632 1055 huc
646 999 765 1058 rationis
780 999 882 1058 detulit
896 1001 981 1073 ord0‚

229 1099 262 1147 ut
276 1088 347 1145 mihi
361 1089 475 1147 mortali
489 1089 647 1147 consistere
662 1107 785 1164 corpore
800 1091 944 1149 mundum
1103 1100 1134 1165 ⁶⁵

229 1179 419 1253 nativomque
434 1178 520 1237 simul
533 1180 606 1237 ratio
620 1178 777 1238 reddunda
791 1181 827 1239 sit
841 1200 904 1239 esse
915 1203 924 1255 ;

230 1279 260 1327 et
273 1270 378 1343 quibus
392 1269 439 1327 ille
454 1269 550 1327 modis
564 1287 737 1345 congressus
753 1272 883 1329 materiai

229 1359 357 1417 fundarit
370 1369 477 1417 terram
491 1360 604 1418 caelum
619 1379 698 1418 mare
714 1360 809 1419 sidera
823 1362 915 1421 solem

229 1449 366 1524 lunaique
380 1450 520 1524 globum;
542 1460 605 1508 tum
620 1469 695 1525 quae
711 1451 811 1510 tellure
826 1452 989 1512 animantes

216 1540 384 1610 extiterint,
399 1551 429 1599 et
443 1559 518 1616 quae
532 1542 612 1599 nullo
626 1543 683 1600 sint
696 1553 829 1618 tempore
844 1553 948 1616 natae,
1106 1564 1138 1612 70

229 1649 326 1705 quove
340 1630 432 1690 modo
446 1650 539 1706 genus
553 1631 714 1691 humanum
728 1634 855 1693 variante
870 1634 997 1709 loquella

230 1722 360 1796 coeperit
374 1722 450 1779 inter
462 1740 494 1779 se
508 1723 586 1780 vesci
601 1741 655 1797 per
667 1724 788 1781 nomina
802 1742 898 1783 rerum
909 1745 919 1799 ;

230 1822 260 1869 et
274 1812 379 1887 quibus
394 1812 440 1869 ille
454 1811 550 1871 modis
565 1812 664 1870 divom
679 1823 774 1871 metus
788 1813 938 1873 insinuarit

228 1912 358 1977 pectora,
374 1912 511 1960 terrarum
525 1902 620 1977 quiin
634 1902 697 1961 orbi
712 1912 812 1961 sancta
826 1913 923 1962 tuetur

230 1992 297 2051 sana
309 1993 390 2050 lacus
404 1992 486 2051 lucos
500 2011 563 2051 aras
577 1992 788 2070 simulacraque
803 1993 913 2055 divom.

229 2093 380 2159 praeterea
393 2083 461 2141 solis
475 2102 576 2141 cursus
591 2083 734 2159 lunaeque
751 2095 863 2144 meatus

230 2173 385 2249 expediam
400 2191 459 2248 qua
471 2174 500 2231 vi
514 2173 613 2231 flectat
626 2184 728 2232 natura
741 2175 927 2250 gubernans;

228 2282 267 2322 ne
281 2265 355 2322 forte
369 2263 443 2321 haee
457 2263 532 2322 inter
545 2263 660 2322 caelum
674 2275 840 2340 terramque
854 2284 970 2324 reamur

228 2354 320 2413 libera
333 2365 438 2430 sponte
453 2373 506 2412 sua
519 2372 619 2414 cursus
632 2355 752 2413 lustrare
767 2355 903 2430 perennis

228 2446 372 2521 morigera
385 2444 423 2503 ad
437 2445 533 2520 fruges
547 2445 696 2521 augendas
710 2454 798 2520 atque
816 2447 980 2520 animantis,
1105 2453 1138 2504 80

228 2553 302 2594 neve
316 2536 413 2610 aliqua
426 2535 527 2594 divom
540 2535 615 2593 volvi
629 2536 741 2593 ratione
755 2545 901 2612 putemus.

228 2643 297 2684 nam
311 2626 388 2684 bene
402 2625 453 2700 qui
467 2624 597 2683 didicere
612 2624 687 2684 deos
701 2643 836 2683 securum
850 2644 935 2701 agere
950 2644 1064 2699 aevom,

229 2716 253 2774 si
267 2725 366 2773 tamen
380 2716 491 2773 interea
504 2716 644 2773 mirantur
656 2734 717 2790 qua
730 2716 842 2774 ratione

228 2823 363 2881 quaeque
377 2807 437 2880 geri
451 2807 572 2881 possint,
587 2805 756 2881 praesertim
770 2807 856 2865 rebus
870 2807 968 2867 inillis

228 2913 304 2972 quae
319 2913 424 2970 supera
436 2906 526 2971 caput
538 2897 673 2954 aetheriis
688 2908 845 2955 cernuntur
858 2897 889 2955 in
903 2898 970 2970 oris,
1104 2905 1135 2970 85

227 3004 324 3044 rursus
338 2985 367 3042 in
382 2986 516 3061 antiquas
530 2987 692 3044 referuntur
706 2987 861 3062 religiones

229 3086 259 3133 et
272 3074 409 3134 dominos
422 3075 497 3134 acris
510 3075 687 3148 adsciscunt,
703 3077 802 3135 omnia
816 3095 904 3152 posse

228 3183 303 3240 quos
316 3165 414 3223 miseri
429 3165 562 3239 credunt,
578 3167 668 3241 ignari
683 3166 755 3241 quid
770 3178 859 3242 queat
874 3185 947 3239 esse,

227 3255 301 3331 quid
314 3266 452 3331 nequeat,
466 3256 548 3314 finita
561 3266 691 3332 potestas
705 3257 834 3332 denique
849 3258 955 3333 cuique

228 3365 356 3423 quanam
370 3346 407 3405 sit
420 3347 533 3406 ratione
547 3356 634 3424 atque
648 3348 707 3406 alte
721 3349 1007 3407 terminushaerem.
1102 3368 1136 3419 90

268 3435 359 3512 Quod
373 3447 514 3512 superest,
529 3457 567 3496 ne
581 3448 610 3496 te
625 3439 655 3496 in
669 3438 819 3514 promissis
833 3439 915 3513 plura
930 3456 1084 3509 moremur,

227 3528 373 3604 principio
388 3528 479 3586 maria
491 3546 526 3587 ac
540 3539 630 3587 terras
644 3528 818 3604 caelumque
833 3539 914 3588 tuere
925 3549 933 3600 ;
