2792 4025
236 268 288 340 v]
470 272 525 324 ms
552 272 699 326 usuum
726 272 897 330 NATURA
1082 265 1138 344 165

235 433 441 508 saetigerisque
455 450 539 508 pares
553 434 638 492 subu'
652 435 695 492 sic
709 435 848 494 silvestria
860 437 992 497 membra
1090 460 1140 512 97⁰

233 522 315 581 nuda
329 522 438 581 dabant
451 532 543 581 terrae
557 534 703 582 nocturno
718 535 850 601 tempore
865 528 954 602 capti,

234 614 344 671 circum
359 632 390 670 se
405 613 479 672 foliis
493 632 528 670 ac
542 613 693 673 frondibus
708 616 896 677 involventes.

233 721 291 762 nec
304 703 444 777 plangore
457 702 537 762 diem
552 723 660 779 magno
675 705 826 782 solemque
841 725 895 781 per
907 726 991 783 agros

234 793 413 867 quaerebant
426 792 525 868 pavidi
539 795 670 869 palantes
685 797 780 853 noctis
795 797 825 855 in
839 798 958 871 umbriS,

232 882 286 942 sed
300 884 381 942 taciti
394 886 597 959 respectabant
610 904 775 960 somnoque
789 888 903 962 sepulti,
1090 908 1138 963 975

232 973 305 1032 dum
318 992 403 1032 rosea
416 976 481 1033 face
495 975 539 1033 sol
552 976 669 1033 inferret
682 976 793 1033 lumina
807 977 899 1037 caelo.

231 1083 251 1123 a
264 1065 358 1139 parvis
372 1064 454 1139 quod
468 1066 546 1122 enim
561 1075 738 1126 consuerant
751 1084 869 1124 cernere
884 1086 1002 1143 semper

231 1155 343 1213 altemo
357 1155 491 1213 tenebras
505 1164 535 1213 et
549 1155 645 1213 lucem
660 1165 793 1231 tempore
807 1157 896 1232 gigni,

231 1264 294 1303 non
307 1255 369 1303 erat
385 1253 417 1303 ut
430 1245 493 1302 fieri
506 1255 607 1320 posset
621 1246 750 1305 mirarier
763 1265 904 1321 umquam

232 1354 289 1393 nec
305 1335 437 1393 diffidere
452 1354 490 1393 ne
505 1345 594 1394 terras
607 1345 727 1394 aeterna
741 1345 853 1397 teneret

232 1444 293 1486 nox
307 1425 338 1482 in
351 1435 526 1499 perpetuum
542 1425 674 1485 detracto
687 1426 797 1485 lumine
811 1428 889 1487 solis.

233 1514 288 1573 sed
301 1515 393 1590 magis
408 1515 477 1575 illud
493 1525 553 1574 erat
567 1535 664 1589 curae,
678 1516 761 1591 quod
775 1518 871 1576 saecla
885 1519 1010 1585 ferarum

229 1605 364 1665 infestam
378 1607 489 1664 miseris
502 1607 648 1665 faciebant
662 1625 750 1683 saepe
765 1608 903 1682 quietem,

229 1698 375 1773 eiectique
390 1696 481 1756 domo
495 1698 643 1772 fugiebant
657 1716 745 1757 saxea
759 1708 838 1759 tecta

229 1789 390 1865 spumigeri
403 1788 461 1845 suis
475 1787 602 1848 adventu
616 1788 739 1847 validive
753 1788 847 1847 leonis
1088 1797 1138 1864 985

229 1891 318 1957 atque
333 1881 508 1953 intempesta
521 1876 668 1936 cedebant
681 1888 769 1944 nocte
784 1890 924 1956 paventes

229 1970 393 2047 hospitibus
406 1968 498 2027 saevis
512 1969 630 2026 instrata
643 1969 749 2028 cubilia
762 1968 874 2031 fronde.

271 2062 338 2119 Nec
352 2060 443 2118 nimio
457 2069 519 2118 tum
532 2058 597 2132 plus
611 2077 700 2132 quam
715 2077 794 2122 nunc
810 2062 941 2124 mortalia
955 2063 1051 2126 saecla

229 2149 328 2208 dulcia
340 2150 512 2226 linquebant
525 2149 647 2206 labentis
661 2149 771 2207 lumina
784 2151 869 2209 vitae.

229 2259 304 2297 unus
319 2241 398 2299 enim
412 2251 475 2298 tum
489 2239 612 2314 quisque
627 2239 719 2314 magis
734 2239 895 2313 deprensus
910 2259 1012 2306 eorum
1086 2264 1137 2316 990

229 2330 337 2405 pabula
348 2331 413 2387 viva
425 2331 493 2388 feris
507 2329 674 2404 praebebat,
689 2329 827 2389 dentibus
841 2329 969 2402 haustus,

229 2431 260 2478 et
274 2439 396 2480 nemora
408 2440 444 2478 ac
459 2421 568 2480 montis
581 2420 692 2495 gemitu
706 2419 848 2493 silvasque
862 2420 994 2496 replebat

209 2501 294 2582 (viva
307 2510 410 2569 videns
424 2511 490 2568 vivo
505 2511 620 2586 sepeliri
634 2511 745 2568 viscera
758 2510 867 2592 busto)

229 2611 260 2659 at
274 2619 350 2676 quos
365 2600 503 2676 effugium
517 2610 642 2659 servarat
656 2617 779 2674 corpore
794 2599 895 2673 adeso,

229 2693 372 2767 posterius
385 2691 521 2755 tremulas
535 2709 623 2765 super
636 2691 734 2752 ulcera
747 2699 839 2750 taetra
852 2699 986 2752 tenentes
1087 2710 1135 2766 995

229 2783 340 2858 palmas
355 2781 498 2840 horriferis
513 2781 649 2845 accibant
662 2781 785 2839 vocibus
801 2780 921 2856 Orcum,

229 2871 359 2948 donique
374 2889 425 2930 eos
439 2872 497 2928 vita
511 2871 655 2946 privarant
668 2872 799 2930 vermina
812 2889 898 2932 saeva

229 2963 354 3038 expertis
369 2962 442 3037 opis,
458 2962 572 3039 ignaros
587 2960 659 3040 quid
672 2962 792 3020 volnera
805 2961 922 3023 vellent.

228 3063 259 3111 at
272 3071 333 3111 non
347 3053 437 3110 multa
449 3053 543 3111 virum
557 3053 611 3110 sub
625 3052 713 3130 signis
728 3053 808 3110 milia
821 3053 912 3112 ducta

228 3162 288 3201 una
301 3142 365 3202 dies
380 3142 468 3202 dabat
481 3143 570 3201 exitio
584 3160 640 3200 nec
655 3141 771 3202 turbida
785 3144 869 3217 ponti
1072 3163 1135 3199 1000

228 3252 356 3309 aequora
370 3233 506 3309 tligebant
519 3233 600 3291 navis
614 3231 653 3290 ad
666 3251 737 3291 saxa
750 3233 895 3310 virosque.

228 3325 277 3382 hic
291 3333 400 3382 temere
415 3325 445 3381 in
458 3342 574 3382 cassum
588 3325 690 3381 frustra
704 3341 783 3380 mare
798 3341 886 3397 saepe
901 3333 1035 3383 coortum

227 3414 357 3476 saevibat
370 3414 527 3489 leviterque
542 3415 634 3472 minas
648 3414 779 3488 ponebat
792 3413 895 3484 inanis,

204 3508 286 3586 inec
299 3515 413 3583 poterat
427 3522 605 3583 quemquam
620 3503 728 3581 placidi
743 3504 865 3581 pellacia
879 3503 962 3578 ponti
