2792 4025
219 268 287 341 v1.]
460 270 515 323 DE
543 270 689 326 RERUM
716 272 888 327 NATURA
1059 278 1120 326 201

219 442 250 489 et
264 433 369 507 quibus
383 433 482 493 effiant
496 436 591 494 causis
605 446 726 512 apparet
740 438 842 514 origo;

219 524 307 582 ianua
320 543 358 582 ne
373 526 446 583 sorte
461 526 505 585 his
519 527 589 586 Orci
603 529 770 604 regionibus
783 548 847 588 esse

219 615 363 687 credatur,
378 627 445 691 post
459 617 527 675 hinc
540 620 652 677 animas
666 620 840 679 Acheruntis
853 622 885 679 in
898 639 963 681 oras

219 705 328 763 ducere
342 707 416 765 sorte
430 707 503 766 deos
517 710 611 768 manis
624 710 736 769 inferne
749 730 873 784 reamur,

218 796 336 854 naribus
349 796 479 872 alipedes
494 809 526 855 ut
539 800 617 857 cervi
631 818 719 875 saepe
734 812 872 876 putantur
1075 810 1122 875 765

218 885 327 944 ducere
342 886 380 945 de
395 887 511 946 latebris
524 891 671 963 serpentia
684 892 780 949 saecla
793 893 927 952 serarum.

218 976 300 1051 quod
314 977 417 1051 procul
431 996 449 1035 a
462 995 531 1036 vera
544 996 633 1053 quam
647 981 683 1037 sit
696 982 808 1039 ratione
822 983 972 1057 repulsum

218 1068 357 1142 percipe3
378 1086 447 1125 nam
462 1068 500 1127 de
514 1086 545 1126 re
559 1087 638 1127 nunc
653 1070 716 1145 ipsa
730 1071 828 1129 dicere
843 1091 945 1132 conor.

260 1158 406 1231 Principio
421 1158 478 1215 hoc
493 1157 570 1229 dico,
586 1159 668 1233 quod
682 1159 742 1218 dixi
756 1179 844 1236 saepe
859 1180 977 1238 quoque
991 1174 1069 1236 ante,

217 1247 248 1305 in
261 1258 337 1305 terra
350 1249 491 1323 cuiusque
505 1249 587 1307 modi
601 1268 697 1308 rerum
712 1269 775 1309 esse
789 1252 914 1327 figuras;
1076 1276 1124 1322 770

217 1339 318 1409 multa,
333 1339 402 1397 cibo
416 1356 492 1414 quae
507 1351 584 1413 sunt,
597 1340 703 1413 vitalia,
719 1342 878 1417 multaque,
893 1344 1011 1403 morbos

217 1429 349 1487 incutere
364 1439 393 1487 et
407 1440 532 1488 mortem
546 1448 621 1505 quae
636 1432 755 1506 possint
763 1432 940 1493 adcelerare.

218 1531 249 1577 et
263 1520 355 1595 magis
369 1538 432 1577 esse
447 1520 508 1577 aliis
522 1520 591 1579 alias
605 1523 800 1581 animantibus
814 1533 898 1597 aptas

217 1628 264 1668 res
278 1610 316 1667 ad
329 1610 398 1667 vitai
411 1611 555 1669 rationem
568 1612 754 1671 ostendimus
768 1622 835 1672 ante

219 1711 339 1775 propter
353 1700 522 1759 dissimilem
537 1711 670 1760 naturam
685 1701 890 1779 dissimilisque
1077 1725 1106 1772 77
1109 1722 1122 1776 5

219 1802 347 1849 texturas
362 1792 437 1849 inter
450 1810 513 1850 sese
528 1794 693 1868 primasque
709 1794 822 1869 figuras.

218 1882 309 1939 multa
323 1892 422 1939 meant
436 1883 554 1941 inimica
567 1902 620 1958 per
633 1885 719 1959 auris,
735 1885 826 1943 multa
839 1903 893 1960 per
906 1886 983 1961 ipsas

218 1973 364 2032 insinuant
377 1974 454 2032 naris
469 1975 572 2034 infesta
585 1986 673 2050 atque
687 1994 793 2051 aspera
807 1977 893 2049 iactu,

218 2082 275 2122 nec
289 2074 357 2123 sunt
370 2065 460 2122 multa
474 2083 575 2139 pamm
590 2077 670 2123 tactu
685 2067 804 2124 vitanda
817 2085 915 2142 neque
929 2077 1027 2126 autem

218 2165 338 2230 aspectu
354 2154 493 2230 fugienda
507 2174 670 2231 saporeque
685 2157 776 2214 tristia
790 2174 865 2232 quae
880 2158 945 2216 sint.
1073 2165 1122 2224 780

259 2245 377 2303 Deinde
390 2245 490 2304 videre
504 2245 572 2303 licet
586 2264 674 2320 quam
688 2247 796 2304 multae
811 2247 867 2305 sint
882 2247 993 2305 homini
1007 2265 1053 2306 res

218 2337 323 2394 acriter
336 2336 441 2394 infesto
455 2354 541 2393 sensu
556 2354 738 2411 spurcaeque
753 2355 912 2412 gravesque
924 2358 933 2408 ;

218 2426 367 2485 arboribus
381 2427 507 2501 primum
522 2427 607 2485 certis
619 2427 713 2501 gravis
727 2427 831 2485 umbra
844 2427 951 2486 tributa

218 2516 412 2590 usqueadeo,
427 2517 529 2592 capitis
544 2517 651 2576 faciant
664 2527 697 2576 ut
711 2535 800 2592 saepe
815 2516 941 2589 dolores,

218 2608 308 2683 siquis
322 2625 371 2666 eas
385 2618 485 2683 supter
498 2608 586 2665 iacuit
600 2618 758 2682 prostratus
772 2607 803 2665 in
817 2607 923 2666 herbis.
1076 2615 1122 2678 785

219 2708 264 2756 est
277 2699 364 2756 etiam
380 2699 492 2774 magnis
508 2698 662 2756 Heliconis
676 2699 824 2756 montibus
838 2698 924 2756 arbos

218 2790 295 2847 floris
310 2789 402 2848 odore
417 2789 568 2847 hominem
582 2799 675 2848 taetro
689 2798 831 2846 consueta
844 2806 964 2849 necare.

219 2880 330 2938 scilicet
344 2879 418 2937 haec
432 2879 501 2937 ideo
516 2880 597 2938 terris
611 2898 648 2938 ex
661 2880 761 2938 omnia
775 2889 903 2954 surgunt,

219 2971 310 3028 multa
323 2971 419 3028 modis
434 2970 529 3028 multis
544 2971 697 3028 multarum
713 2971 825 3029 semina
838 2989 935 3028 rerum

219 3061 301 3136 quod
315 3062 457 3136 permixta
470 3061 543 3136 gerit
556 3062 640 3119 tellus
654 3061 839 3135 discretaque
853 3060 950 3118 tradit.
1076 3079 1124 3132 790

219 3162 453 3227 noctumumque
466 3169 570 3210 recens
583 3152 744 3209 extinctum
757 3151 858 3209 lumen
871 3151 922 3210 ubi
935 3149 995 3208 acri

219 3242 323 3300 nidore
338 3241 460 3299 offendit
474 3259 566 3312 nares,
581 3242 718 3316 consopit
732 3241 853 3313 ibidem,

220 3332 378 3391 concidere
392 3341 422 3390 et
436 3351 553 3407 spumas
567 3332 618 3406 qui
632 3333 736 3390 morbo
751 3333 865 3390 mittere
881 3330 983 3390 suevit.

220 3433 412 3498 castoreoque
427 3423 506 3498 gravi
519 3423 622 3480 mulier
634 3423 731 3498 sopita
744 3423 890 3480 recumbit

221 3523 251 3572 et
264 3514 398 3573 manibus
412 3513 537 3572 nitidum
550 3514 657 3571 teneris
670 3531 746 3588 opus
760 3511 853 3570 effluit
866 3511 902 3582 ei,
1076 3527 1122 3584 795
