2792 4025
272 251 331 321 152
607 250 840 307 rucarrrus
891 318 895 327 .
1120 250 1172 321 [v.

267 411 338 471 inde
351 412 439 470 aliurn
454 430 542 488 supra
554 410 643 469 fluere
657 420 745 485 atque
760 409 913 469 intendere
927 408 1034 470 eodem

267 520 329 577 quo
342 501 486 561 volvenda
501 502 610 559 micant
624 502 734 560 aeterni
748 501 843 560 sidera
856 501 980 574 mundi3

266 602 317 660 aut
330 593 418 650 alium
432 603 542 668 supter,
556 603 660 649 contra
673 591 724 667 qui
738 591 879 651 subvehat
893 591 1005 663 orbem,
1124 608 1174 663 515

267 693 300 741 ut
314 682 416 741 fluvios
429 700 541 741 versare
555 692 632 740 rotas
646 692 734 756 atque
748 682 865 739 haustra
877 681 1020 742 videmus.

267 783 312 831 est
325 772 412 830 etiarn
427 790 546 848 qnoque
560 772 602 830 uti
616 774 708 847 possit
721 772 835 831 caelum
849 790 937 831 omne
952 788 1070 830 manere

267 864 297 921 in
311 864 446 933 statione,
461 872 560 920 tamen
574 881 642 920 curn
657 862 756 920 lucida
769 863 851 937 signa
864 861 1010 935 serantur3

269 953 329 1011 sive
344 953 426 1028 quod
440 954 542 1011 inclusi
556 952 649 1027 rapidi
663 962 731 1011 sunt
744 952 869 1011 aetheris
883 963 980 1011 aestus

269 1052 502 1118 quaerentesque
515 1043 593 1100 viam
605 1043 718 1100 circum
732 1052 882 1100 versantur
895 1052 925 1099 et
939 1042 1020 1118 ignes
1126 1052 1175 1112 520

266 1125 377 1210 passim
391 1151 445 1209 per
457 1133 530 1190 caeli
544 1134 664 1191 volvunt
678 1132 847 1191 Summania
861 1133 989 1207 templa3

267 1224 327 1282 sive
341 1223 459 1281 aliunde
474 1223 566 1281 fluens
582 1222 719 1281 alicunde
734 1223 913 1281 extrinsecus
927 1224 977 1281 aer

265 1323 360 1373 versat
373 1332 463 1389 agens
478 1314 573 1389 ignis3
587 1314 652 1371 sive
666 1313 722 1388 ipsi
736 1330 851 1388 serpere
865 1322 989 1388 possunt

266 1422 327 1479 quo
340 1404 483 1478 'cuiusque
497 1404 580 1462 cibus
592 1413 679 1461 vocat
691 1413 780 1477 atque
795 1404 896 1463 invitat
910 1405 1013 1475 euntis,

266 1495 402 1553 flammea
415 1511 469 1569 per
482 1494 596 1552 caelum
611 1495 760 1569 pascentis
775 1511 899 1569 corpora
914 1495 1031 1569 passim.
1127 1512 1174 1565 52⁵

265 1584 421 1659 namquid
435 1584 464 1642 in
479 1584 536 1642 hoc
550 1583 663 1641 mundo
677 1585 714 1642 sit
728 1602 829 1643 eorum
843 1601 955 1659 ponere
971 1594 1085 1642 certum

268 1674 386 1733 difficile
400 1684 445 1732 est
456 1694 464 1745 ;
486 1673 540 1733 sed
553 1674 625 1750 qnid
638 1675 731 1748 possit
744 1674 853 1748 fiatque
867 1692 920 1749 per
933 1692 1022 1733 omne

268 1765 299 1824 in
313 1766 397 1822 variis
411 1764 529 1823 mundis
541 1765 620 1822 varia
632 1765 744 1823 ratione
758 1765 871 1836 creatis,

267 1855 299 1913 id
313 1854 409 1913 doceo
423 1855 570 1930 plurisque
585 1873 692 1930 sequor
706 1854 863 1930 disponere
877 1873 988 1925 causas,

265 1945 393 2005 motibus
407 1955 549 2003 astrorum
563 1963 638 2021 quae
652 1946 766 2020 possint
779 1963 842 2003 esse
857 1963 910 2022 per
924 1962 1033 2018 omne3
1124 1962 1172 2016 530

268 2054 285 2096 e
299 2037 405 2111 quibus
419 2054 479 2094 una
491 2046 588 2094 tamen
604 2037 683 2094 sitin
697 2036 755 2094 hoc
769 2054 888 2111 quoque
903 2054 992 2094 causa
1005 2047 1153 2094 necessest

266 2144 341 2203 quae
355 2127 462 2202 vegeat
475 2136 591 2185 motum
606 2127 716 2202 siguis3
737 2125 791 2184 sed
805 2145 881 2201 quae
896 2128 932 2185 sit
946 2145 1047 2184 earum

266 2217 434 2294 praecipere
449 2217 693 2292 hautquaquamst
706 2216 900 2292 pedetemtim
913 2214 1153 2294 progredientis]

305 2309 454 2383 Terraque
468 2317 500 2364 ut
514 2309 544 2365 in
558 2307 656 2366 media
670 2306 774 2365 mundi
787 2309 906 2383 regione
926 2307 1067 2382 quiescat,
1148 2325 1154 2332 ·

265 2416 439 2458 evanescere
453 2398 591 2472 paulatim
605 2407 636 2456 et
649 2397 821 2456 decrescere
835 2396 953 2473 pondus
1127 2413 1174 2466 535

265 2489 412 2560 convenit,
427 2497 515 2564 atque
529 2488 614 2546 aliam
627 2497 762 2546 naturam
777 2498 876 2563 supter
890 2488 998 2545 habere

265 2598 303 2638 ex
316 2578 435 2637 ineunte
449 2597 523 2636 aevo
538 2577 727 2638 coniunctam
741 2588 830 2653 atque
845 2578 942 2635 uniter
954 2587 1054 2652 aptam

264 2670 394 2746 partibus
407 2669 491 2728 aeriis
504 2667 608 2726 mundi
622 2669 728 2743 quibus
742 2669 827 2728 insita
841 2669 919 2726 vivit.

264 2769 420 2835 propterea
433 2776 494 2816 non
509 2768 553 2816 est
568 2759 652 2816 oneri
666 2777 765 2834 neque
780 2758 917 2834 deprimit
930 2775 1032 2829 auras;

265 2860 298 2908 ut
311 2869 364 2908 sua
376 2850 484 2923 cuique
498 2847 611 2906 homini
624 2849 705 2907 nullo
719 2858 786 2908 sunt
800 2848 932 2924 pondere
946 2848 1078 2906 membra
1126 2865 1176 2918 540

265 2958 322 2998 nec
335 2948 424 3014 caput
437 2948 482 2997 est
495 2939 578 2997 oneri
592 2940 668 2998 collo
683 2958 740 2998 nec
755 2939 883 3012 denique
899 2948 994 2996 totum

265 3030 398 3106 corporis
411 3030 442 3088 in
459 3029 585 3104 pedibus
600 3030 718 3105 pondus
733 3031 873 3088 sentimus
888 3028 1005 3099 inesse3

264 3129 295 3177 at
308 3125 515 3195 quaecumque
529 3121 598 3178 soris
611 3121 734 3180 veniunt
749 3120 922 3194 inpostaque
937 3118 1024 3176 nobis

264 3209 398 3286 pondera
410 3220 478 3269 sunt
491 3208 621 3282 laedunt,
636 3209 787 3286 permulto
802 3226 891 3284 saepe
905 3209 1027 3266 minora.

263 3299 448 3376 usqueadeo
462 3302 560 3376 magni
573 3301 660 3359 refert
674 3301 747 3375 qnid
761 3315 895 3376 quaeque
910 3299 998 3358 obeat
1010 3314 1066 3356 res.
1124 3314 1172 3370 545

266 3389 309 3450 sic
324 3392 410 3467 igitur
422 3392 507 3450 tellus
521 3410 582 3450 non
597 3402 641 3450 est
655 3392 749 3449 aliena
763 3400 884 3467 repente
977 3453 979 3458 ,
1007 3451 1010 3456 ,

265 3481 350 3540 allata
362 3492 451 3558 atque
467 3483 545 3540 auris
558 3482 676 3540 aliunde
690 3482 808 3542 obiecta
821 3480 933 3551 alienis,
