2792 4025
244 289 313 359 vi]
494 290 550 341 oa
569 289 716 343 RERUM
743 289 916 343 NATURA
1089 290 1152 357 207

245 452 411 528 barbigeras
425 451 549 509 oleaster
562 469 600 509 eo
614 451 798 526 iuratusque
813 451 948 527 capellas,
1101 470 1152 525 970

244 543 344 601 effluat
357 542 518 601 ambrosius
532 542 614 617 quasi
627 559 706 614 vero,
721 551 752 599 et
765 551 882 599 nectare
896 542 1004 599 tinctus
1014 560 1024 615 3

244 653 303 710 qua
316 635 356 692 nil
370 644 414 693 est
428 634 539 692 homini
553 634 635 709 quod
649 634 768 692 amariu'
783 634 918 693 frondeat
932 652 1008 692 esca
1104 648 1106 653 ’

246 727 375 802 denique
389 727 586 784 amaracinum
600 727 703 801 fugitat
716 744 764 785 sus
779 735 808 785 et
821 727 906 785 timet
919 745 1009 785 omne

245 827 426 893 ungentum3
447 835 516 874 nam
531 817 677 892 saetigeris
690 816 780 875 subus
794 835 861 874 acre
875 826 1057 889 venenumst,

245 907 329 983 quod
343 925 398 965 nos
412 906 559 965 interdum
572 916 722 982 tamquam
736 924 869 965 recreare
883 908 1006 966 videtur.
1101 925 1149 981 975

244 1007 275 1056 at
289 1007 392 1071 contra
405 997 490 1055 nobis
505 1015 629 1054 caenum
643 997 809 1054 taeterrima
823 1016 891 1055 cum
905 998 942 1056 sit

245 1088 407 1164 spurcities,
423 1086 529 1145 eadem
543 1088 632 1145 subus
646 1086 721 1145 haec
736 1087 865 1145 iucunda
878 1087 1001 1160 videtur,

244 1178 443 1258 insatiabiliter
457 1178 510 1236 toti
523 1188 556 1236 ut
569 1178 722 1236 volvantur
736 1178 856 1237 ibidem.

286 1270 357 1327 Hoc
371 1269 461 1326 etiam
474 1276 615 1343 superest,
630 1267 694 1342 ipsa
707 1285 796 1342 quam
811 1268 909 1326 dicere
923 1266 962 1325 de
976 1284 1007 1325 re

244 1358 400 1434 adgredior
413 1358 495 1434 quod
509 1357 670 1416 dicendum
684 1358 764 1434 prius
779 1376 842 1417 esse
856 1358 980 1416 videtur.
1101 1364 1152 1431 980

244 1450 337 1507 multa
349 1449 491 1507 foramina
504 1467 573 1506 cum
587 1448 671 1507 variis
686 1450 744 1507 sint
757 1448 872 1507 reddita
885 1448 981 1520 rebus,

245 1539 376 1598 dissimili
391 1540 466 1597 inter
479 1557 510 1597 se
524 1549 628 1597 natura
641 1540 775 1615 praedita
789 1539 900 1598 debent

245 1648 310 1689 esse
325 1640 355 1687 et
369 1629 477 1688 habere
492 1647 575 1687 suam
588 1640 723 1688 naturam
738 1648 873 1705 quaeque
888 1630 1016 1705 viasque.

244 1721 356 1796 quippe
370 1720 481 1778 etenim
493 1721 564 1778 varii
577 1738 680 1779 sensus
694 1721 889 1779 animantibus
903 1720 1010 1793 insunt,

244 1829 370 1886 quorum
383 1811 506 1887 quisque
521 1829 604 1868 suam
618 1811 735 1887 proprie
749 1828 812 1868 rem
826 1811 951 1886 percipit
964 1811 995 1868 in
1009 1827 1061 1884 se;
1101 1816 1149 1883 985

244 1919 314 1959 nam
328 1910 481 1976 penetrare
496 1901 553 1959 alio
568 1901 679 1959 sonitus
693 1901 810 1976 alioque
824 1918 961 1977 saporem

244 1992 391 2050 cernimus
405 2009 421 2050 e
436 1991 522 2064 sucis,
537 1991 593 2050 alio
607 1991 717 2050 nidoris
729 1991 844 2051 odores

246 2092 398 2158 praeterea
411 2099 528 2140 manare
543 2081 622 2139 aliud
635 2100 688 2157 per
702 2101 771 2140 saxa
783 2082 907 2154 videtur,
1101 2101 1152 2154 990

245 2181 333 2246 atque
346 2171 425 2229 aliud
439 2173 532 2246 lignis,
547 2171 627 2229 aliud
643 2173 762 2230 transire
777 2190 830 2248 per
843 2191 955 2246 aurum,

244 2271 424 2337 argentoque
438 2263 514 2320 foras
529 2261 608 2319 aliud
621 2262 754 2335 vitroque
769 2280 876 2321 meare.

245 2371 316 2410 nam
330 2351 419 2410 fluere
433 2351 489 2409 hac
503 2352 627 2427 species,
642 2351 707 2409 illac
722 2352 801 2410 calor
814 2353 855 2410 ire
868 2351 992 2425 videtur,

245 2451 333 2517 atque
347 2442 409 2500 aliis
423 2442 493 2499 aliut
507 2442 591 2500 citius
606 2442 800 2500 transmittere
815 2441 930 2500 eadem.

245 2533 358 2591 scilicet
373 2531 404 2591 id
417 2531 480 2590 fieri
494 2532 572 2607 cogit
586 2542 687 2590 natura
700 2532 810 2590 viarum
1102 2550 1150 2606 995

245 2621 427 2681 multimodis
440 2622 562 2694 variam,
578 2631 610 2679 ut
623 2622 711 2696 paulo
725 2621 907 2680 ostendimus
921 2629 998 2693 ante,

245 2722 367 2790 propter
381 2711 551 2770 dissimilem
565 2721 699 2769 naturam
714 2719 851 2786 textaque
865 2730 971 2772 rerum.

287 2803 482 2878 Quapropter,
496 2803 573 2860 bene
588 2802 638 2860 ubi
653 2801 736 2860 haec·
742 2802 915 2860 confirmata
927 2812 1016 2877 atque
1030 2804 1126 2862 locata

248 2894 349 2952 omnia
362 2893 543 2951 constiterint
557 2893 643 2950 nobis
657 2901 814 2968 praeposta
827 2901 936 2967 parata,

246 2983 330 3059 quod
343 2992 486 3058 superest,
500 2983 584 3040 facile
599 2983 668 3040 hinc
682 2984 756 3041 ratio
771 2982 911 3041 reddetur
924 2990 954 3041 et
968 2983 1064 3042 omnis
1089 3004 1152 3040 1000

246 3091 337 3130 causa
349 3073 470 3148 patefiet
483 3090 559 3148 quae
574 3073 639 3130 ferri
653 3073 781 3148 pelliciat
794 3073 863 3132 vim.

247 3163 392 3239 principio
407 3162 495 3220 fluere
509 3181 526 3221 e
540 3162 639 3237 lapide
654 3163 712 3221 hoc
726 3163 871 3238 permulta
884 3171 1033 3222 necessest

247 3255 361 3312 semina
373 3255 433 3313 sive
447 3264 561 3312 aestum
576 3255 626 3329 qui
640 3254 758 3313 discutit
772 3256 838 3313 aera
851 3255 952 3331 plagis

247 3344 323 3403 inter
337 3345 387 3420 qui
400 3344 528 3421 lapidem
542 3345 708 3421 ferrumque
723 3354 768 3403 est
781 3363 908 3420 cumque
923 3345 1044 3405 locatus.

247 3433 306 3493 hoc
319 3435 369 3494 ubi
383 3435 509 3494 inanitur
521 3436 648 3512 spatium
662 3436 828 3511 multusque
842 3436 949 3494 vacefit
1090 3452 1152 3508 1005

247 3525 280 3585 in
293 3525 394 3586 medio
407 3526 499 3600 locus,
513 3525 661 3603 extemplo
674 3526 834 3603 primordia
847 3525 913 3585 ferri
