2792 4025
238 246 291 318 IL]
478 251 532 302 DE
558 251 705 304 RERUM
734 254 904 308 NATURA

235 408 386 484 principiis
399 427 495 467 rerum
509 429 730 487 nonnumquam
744 432 833 473 causa
847 416 979 488 colores,

235 499 355 570 occidit,
371 519 408 557 ex
421 502 492 559 albis
507 504 646 576 quoniam
660 522 720 560 non
735 505 800 562 alba
813 516 954 576 creantur,

234 606 291 646 nec
306 608 383 664 quae
397 592 479 665 nigra
492 592 591 650 cluent
604 593 643 650 de
657 595 745 668 nigris
758 595 811 652 sed
825 597 908 654 variis
923 615 969 656 ex.

234 681 345 754 quippe
360 683 471 739 etenim
485 683 577 740 multo
591 685 746 758 proclivius
760 686 926 744 exorientur

233 770 363 828 candida
377 771 415 829 de
429 773 508 829 nullo
523 791 611 847 quam
625 774 707 847 nigro
721 784 789 830 nata
802 776 900 833 colore

233 869 283 916 aut
297 861 354 918 alio
369 863 472 936 quovis
487 863 537 936 qui
551 873 652 920 contra
666 874 776 937 pugnet
790 873 819 920 et
833 866 939 923 obstet.

274 951 428 1008 Praeterea
442 953 582 1026 quoniam
596 964 747 1026 nequeunt
760 954 821 1011 sine
836 955 901 1012 luce
916 956 1028 1015 colores

232 1056 297 1097 esse
311 1059 410 1115 neque
424 1042 455 1099 in
468 1043 565 1100 lucem
579 1044 705 1100 existunt
718 1044 876 1117 primordia
888 1064 994 1118 rerum,

231 1131 306 1188 scire
321 1131 389 1188 licet
403 1150 493 1206 quam
507 1133 564 1190 sint
578 1133 656 1190 nullo
671 1134 765 1190 velata
778 1135 886 1190 colore.

231 1221 324 1294 qualis
339 1222 418 1279 enim
432 1223 528 1279 caecis
543 1222 649 1296 poterit
663 1223 745 1280 color
758 1240 821 1280 esse
835 1224 984 1283 tenebris?

229 1310 341 1369 lumine
356 1313 427 1386 quin
442 1312 507 1386 ipso
521 1321 647 1369 mutatur
661 1322 817 1386 propterea
831 1313 913 1386 quod

229 1411 311 1458 recta
325 1411 375 1459 aut
389 1403 509 1476 obliqua
524 1420 677 1476 percussus
691 1402 756 1459 luce
770 1402 911 1476 refulget3

228 1491 331 1565 pluma
344 1492 545 1549 columbarum
561 1509 620 1564 quo
634 1501 723 1565 pacto
737 1493 767 1548 in
781 1492 841 1549 sole
856 1491 978 1564 videtur,

229 1599 305 1655 quae
320 1581 375 1639 sita
387 1582 516 1639 cervices
531 1582 641 1640 circum
655 1582 821 1656 collumque
836 1593 976 1655 coronat;

227 1689 357 1746 namque
371 1672 441 1729 alias
455 1673 488 1729 fit
502 1671 543 1729 uti
557 1672 635 1730 claro
649 1672 686 1730 sit
698 1672 784 1729 rubra
797 1690 919 1747 pyropo

227 1761 376 1820 interdum
391 1761 522 1836 quodam
537 1779 623 1820 sensu
639 1763 672 1820 fit
686 1763 728 1819 uti
741 1762 875 1819 uideatur

226 1852 303 1910 inter
317 1853 457 1910 curalium
471 1851 569 1910 viridis
584 1852 706 1910 miscere
721 1852 901 1926 zmaragdos.

226 1941 382 2018 caudaque
397 1942 529 2018 pavonis,
544 1943 623 2017 larga
635 1961 706 1999 cum
715 1943 780 1998 luce
793 1943 905 2017 repieta
918 1950 970 2015 est,

226 2034 372 2092 consimili
386 2043 479 2091 mutat
493 2033 604 2091 ratione
619 2034 743 2091 obversa
756 2034 887 2104 colores3

220 2125 277 2198 ,qui
292 2124 432 2198 quoniam
447 2124 577 2198 quodam
591 2123 748 2198 gignuntur
761 2123 876 2179 luminis
890 2123 960 2194 ictu,

225 2215 299 2272 scire
314 2215 392 2285 licet,
407 2215 469 2273 sine
485 2232 521 2272 eo
536 2215 598 2271 fieri
612 2232 672 2271 non
687 2232 774 2288 posse
789 2212 952 2287 putandum
968 2223 1021 2272 est.
1037 2257 1041 2263 -

224 2314 255 2363 et
270 2305 411 2380 quoniam
424 2306 527 2379 plagae
542 2303 694 2379 quoddam
708 2322 800 2378 genus
815 2303 922 2376 excipit
936 2304 965 2360 in
980 2321 1012 2361 se
1079 2312 1128 2363 διο

223 2396 345 2471 pupula,
360 2414 429 2453 cum
443 2396 549 2455 sentire
564 2395 692 2452 colorem
707 2385 812 2451 dicitur
825 2393 934 2462 album,

223 2496 313 2561 atque
327 2486 407 2544 aliud
420 2504 517 2561 porro,
532 2485 646 2559 nigrum
661 2502 730 2541 cum
744 2493 774 2541 et
788 2492 885 2540 cetera
898 2484 994 2554 sentit,

222 2594 280 2634 nec
294 2578 382 2635 refert
395 2595 431 2635 ea
446 2594 521 2651 quae
535 2585 636 2650 tangas
651 2593 711 2648 quo
726 2574 799 2631 sorte
814 2573 914 2630 colore

221 2667 355 2741 praedita
368 2669 434 2737 sint,
448 2685 549 2725 verum
564 2666 641 2740 quali
655 2665 746 2739 magis
760 2673 828 2738 apta
841 2664 940 2737 figura,

222 2759 296 2815 scire
311 2758 379 2815 licet
392 2758 432 2815 nil
446 2757 595 2832 principiis
609 2774 684 2831 opus
698 2774 762 2815 esse
776 2755 890 2812 colores

221 2848 275 2905 sed
290 2849 374 2905 variis
389 2848 487 2905 formis
502 2847 643 2903 variantes
658 2845 746 2903 edere
760 2855 863 2903 tactus

262 2939 416 2995 Praeterea
430 2937 568 3011 quoniam
583 2954 643 2993 non
657 2936 743 2993 certis
756 2945 835 2992 certa
849 2934 945 3009 figuris

220 3037 266 3085 est
280 3038 382 3085 natura
396 3028 501 3085 coloris
516 3035 545 3083 et
559 3026 659 3083 omnia
672 3026 882 3100 principiorum

219 3118 413 3175 formamenta
427 3126 539 3191 queunt
552 3117 583 3173 in
597 3117 698 3189 quovis
713 3134 777 3173 esse
791 3116 894 3187 nitore,

219 3206 322 3266 cur'ea
336 3226 412 3281 quae
426 3215 562 3264 constant
576 3224 613 3263 ex
628 3207 680 3263 illis
693 3225 755 3264 non
768 3207 875 3280 pariter
888 3214 955 3263 sunt
1074 3216 1124 3265 820

219 3315 309 3355 omne
323 3316 415 3372 genus
429 3296 545 3371 perfusa
558 3296 704 3353 coloribus
718 3297 749 3353 in
761 3315 867 3371 genere
882 3296 984 3354 omni?

219 3388 415 3445 conveniebat
430 3387 507 3443 enim
523 3404 626 3443 corvos
641 3404 758 3461 quoque
773 3406 861 3462 saepe
875 3386 997 3446 volantis

219 3497 256 3537 ex
270 3479 342 3537 albis
356 3478 454 3536 album
467 3477 564 3551 pinnis
578 3476 684 3535 iactare
699 3476 830 3535 colorem
