2792 4025
225 305 293 377 rv.]
470 305 691 360 penarum
720 308 893 363 NATURA
1069 307 1127 376 115

223 468 264 526 sic
279 469 363 543 igitur
376 467 449 527 ratio
463 468 515 526 tibi
528 486 625 526 rerum
638 486 728 544 prava
740 478 890 529 necessest
1076 489 1128 542 520

222 559 350 634 falsaque
365 560 410 630 sit,
425 559 502 616 falsis
517 576 722 634 quaecumque
736 559 774 617 ab
788 559 922 618 sensibus
935 570 1035 620 ortast

263 650 352 707 Nunc
367 650 414 706 alii
428 667 530 707 sensus
545 668 605 724 quo
619 665 709 724 pacto
723 650 847 725 quisque
861 669 945 709 suam
958 670 1020 711 rem

222 740 335 811 sentiat,
351 739 578 814 haudquaquam
592 741 664 798 ratio
679 758 821 815 scruposa
833 742 934 799 relicta
947 752 1000 800 est.

262 831 409 905 Principio
423 828 539 888 auditur
551 848 641 888 sonus
655 840 684 888 et
697 849 756 889 vox
769 832 874 902 omnis,
888 834 919 890 in
933 833 1010 892 auris

221 920 365 980 insinuata
379 939 432 979 suo
447 921 587 996 pepulere
602 921 652 979 ubi
666 940 790 996 corpore
804 941 932 981 sensum.
1079 941 1126 996 525

221 1029 392 1087 corpoream
406 1029 511 1068 vocem
526 1029 646 1086 quoque
661 1013 740 1070 enirn
755 1023 888 1071 constare
902 1011 1080 1073 fatendumst

221 1111 251 1160 et
265 1103 400 1174 sonitum,
416 1101 555 1175 quoniam
570 1114 694 1178 possunt
707 1103 845 1178 inpellere
860 1121 971 1162 sensus.

220 1202 370 1267 praeterea
383 1191 458 1249 radit
471 1209 531 1250 vox
544 1192 643 1251 fauces
657 1211 746 1268 saepe
761 1193 889 1267 facitque

220 1281 367 1357 asperiora
380 1282 456 1340 foras
470 1282 605 1358 gradiens
618 1284 722 1342 arteria
735 1284 854 1342 clamor.

220 1373 330 1448 quippe
344 1389 398 1447 per
411 1383 566 1448 angustum
579 1375 664 1432 turba
677 1375 787 1432 maiore
802 1383 905 1432 coorta
1078 1392 1127 1445 530

219 1463 261 1521 ire
275 1464 350 1521 foras
363 1463 414 1522 ubi
428 1474 590 1539 coeperunt
604 1463 764 1539 primordia
777 1483 894 1536 vocum,

220 1553 331 1612 scilicet
345 1555 452 1630 expleti
467 1572 586 1630 quoque
600 1556 687 1613 ianua
699 1554 810 1613 raditur
823 1555 890 1613 oris.

220 1643 299 1703 haud
314 1645 397 1720 igitur
411 1644 561 1704 dubiumst
575 1647 646 1721 quin
660 1664 749 1705 voces
762 1647 910 1721 verbaque
926 1653 1062 1704 constent

220 1737 368 1811 corporeis
383 1755 400 1794 e
415 1736 572 1813 principiis,
587 1746 619 1795 ut
632 1736 751 1796 laedere
765 1737 887 1812 possint

219 1844 276 1884 nec
290 1838 319 1885 te
334 1828 404 1885 fallit
417 1828 487 1885 item
502 1827 574 1903 quid
588 1829 720 1903 corporis
734 1827 845 1885 auferat
859 1837 888 1885 et
902 1825 976 1902 quid
1081 1844 1126 1897 535

220 1916 354 1975 detrahat
367 1936 404 1975 ex
418 1918 572 1976 hominum
586 1920 680 1976 nervis
694 1937 730 1976 ac
743 1918 851 1976 viribus
865 1918 935 1992 ipsis

220 2018 379 2084 perpetuus
394 2027 489 2066 sermo
504 2009 595 2083 nigrai
609 2009 706 2067 noctis
720 2007 758 2067 ad
772 2009 905 2067 umbram

220 2116 340 2156 aurorae
355 2098 515 2172 perductus
530 2098 567 2157 ab
582 2100 732 2157 exoriente
746 2100 850 2170 nitore,

219 2189 390 2263 praesertim
405 2189 511 2246 sicum
525 2198 668 2247 summost
681 2190 809 2247 clamore
824 2190 967 2263 profusus

221 2296 291 2353 ergo
306 2296 478 2353 corpoream
492 2296 597 2337 vocem
612 2289 745 2336 constare
760 2290 918 2350 necessest,
1079 2297 1128 2350 540

220 2370 310 2427 multa
323 2369 446 2443 loquens
460 2370 600 2444 quoniam
614 2369 720 2427 amittit
734 2368 772 2427 de
787 2388 909 2445 corpore
924 2378 1048 2445 partem.

220 2460 359 2535 asperitas
373 2469 471 2518 autem
485 2460 566 2518 vocis
580 2461 612 2518 fit
625 2461 663 2518 ab
680 2461 835 2535 asperitate

219 2550 428 2625 principiorum
444 2559 473 2609 et
488 2552 558 2609 item
573 2551 653 2609 levor
666 2552 764 2609 levore
779 2561 899 2610 creatur.

219 2659 276 2699 nec
289 2641 373 2699 simili
387 2650 541 2717 penetrant
554 2642 630 2699 auris
645 2641 804 2717 primordia
818 2643 919 2712 forma,

219 2749 288 2788 cum
303 2732 373 2789 tuba
387 2731 528 2806 depresso
541 2732 664 2807 graviter
677 2733 731 2790 sub
746 2751 891 2789 murmure
906 2732 999 2807 mugit
1076 2749 1124 2803 545

220 2831 251 2879 et
263 2822 365 2880 reboat
378 2841 498 2881 raucum
512 2823 593 2897 regio
607 2823 665 2880 cita
678 2823 800 2880 barbara
812 2822 966 2894 bombum,

220 2922 249 2970 et
262 2912 364 2971 validis
379 2914 464 2988 cycni
479 2914 652 2971 torrentibus
667 2931 705 2970 ex
720 2913 874 2971 Heliconis

220 3020 287 3060 cum
302 3002 442 3077 liquidam
456 3003 559 3061 tollunt
573 3004 687 3078 lugubri
701 3021 775 3061 voce
785 3003 958 3079 querellam.

261 3094 361 3151 Hasce
376 3093 461 3169 igitur
474 3094 589 3169 penitus
604 3112 692 3152 voces
707 3113 776 3151 cum
790 3112 915 3169 corpore
929 3103 1030 3153 nostro

219 3184 406 3258 exprimimus
420 3194 561 3259 rectoque
576 3185 651 3242 foras
666 3185 825 3242 emittimus
839 3202 900 3256 ore,
1079 3202 1092 3255 5
1095 3201 1127 3254 5ο

220 3274 334 3332 mobilis
348 3274 478 3331 articulat
491 3275 647 3332 verborum
660 3274 785 3332 daedala
798 3275 899 3349 lingua

219 3364 436 3439 formaturaque
451 3364 596 3423 labrorum
611 3382 665 3439 pro
679 3374 761 3440 parte
776 3365 888 3440 figurat.

219 3452 277 3513 hoc
291 3455 342 3512 ubi
355 3472 416 3512 non
430 3454 549 3529 longum
563 3456 718 3529 spatiumst
731 3454 811 3513 unde
827 3473 885 3513 una
898 3454 1032 3529 profecta
1089 3491 1093 3497 -

220 3544 373 3620 perveniat
386 3562 445 3603 vox
458 3562 602 3619 quaeque,
617 3554 767 3604 necessest
780 3546 869 3604 rerba
882 3561 1001 3620 quoque
1016 3544 1078 3620 ipsa
