2792 4025
270 264 335 313 202
609 264 841 320 LUCRETIUS

269 437 404 503 tempore
419 444 457 485 eo
470 426 495 486 si
508 424 658 485 odoratast
671 444 732 501 quo
746 436 895 485 menstrua
908 426 1001 486 solvit.

269 518 418 593 multaque
433 528 583 593 praeterea
595 517 762 591 languentia
775 518 908 576 membra
921 536 974 594 per
988 529 1066 578 artus

270 610 385 669 solvunt
398 618 487 684 atque
501 608 628 665 arrimam
643 609 819 666 labefactant
833 608 952 667 sedibus
966 610 1055 669 intus.

271 702 398 777 denique
413 703 438 760 si
452 701 552 758 calidis
567 702 654 758 etiam
670 711 808 759 cunctare
823 702 944 761 lavabris

270 794 384 870 plenior
397 803 427 851 et
440 792 551 862 laveris
567 793 639 850 solio
654 791 790 850 ferventis
804 793 891 867 aquai
1127 801 1177 853 800

271 903 360 959 quam
374 884 457 942 facile
472 883 502 941 in
516 882 616 941 medio
631 883 663 941 fit
677 883 719 940 uti
734 882 788 941 des
802 902 890 959 saepe
904 884 1001 943 ruinas
1015 888 1020 944 l

271 976 490 1050 carbonumque
505 975 598 1049 gravis
612 975 654 1032 vis
667 984 756 1048 atque
771 973 847 1032 odor
859 975 1021 1033 insinuatur

270 1083 360 1140 quam
374 1066 457 1124 facile
472 1066 502 1124 in
514 1066 677 1135 cerebmm,
688 1066 743 1122 nisi
754 1084 858 1140 aquam
873 1067 1077 1141 praecepimus
1087 1074 1156 1123 ante
1170 1070 1177 1125 l

270 1166 300 1214 at
312 1175 381 1213 cum
395 1159 526 1217 membra
540 1156 646 1215 domus
660 1157 793 1231 percepit
806 1156 937 1231 fervidu',
953 1157 1048 1217 nervis

270 1257 332 1306 tum
346 1248 379 1305 fit
393 1247 469 1306 odor
480 1249 532 1307 viri
546 1247 648 1323 plagae
662 1245 824 1308 mactabilis
838 1247 935 1307 instar.
1126 1255 1175 1321 805

269 1356 369 1396 nonne
383 1337 465 1398 vides
478 1340 567 1398 etiam
581 1348 656 1395 terra
669 1355 789 1413 quoque
804 1338 904 1413 sulpur
917 1338 947 1395 iu
962 1338 1025 1412 ipsa

269 1429 381 1505 gignier
394 1439 424 1487 et
438 1440 531 1489 taetro
545 1432 736 1487 concrescere
751 1428 845 1487 odore
860 1428 1010 1501 bitumen;

269 1519 398 1594 denique
413 1521 461 1578 ubi
476 1520 587 1596 argenti
600 1537 689 1576 venas
704 1519 824 1594 aurique
838 1530 985 1590 secuntur,

269 1609 353 1667 terrai
367 1611 485 1685 penitus
498 1619 660 1668 scrutantes
674 1609 775 1667 abdita
788 1610 872 1681 ferro,

268 1698 361 1774 qualis
375 1700 486 1775 expiret
501 1700 690 1776 Scaptensula
704 1700 802 1757 subter
815 1699 944 1759 odores?
1124 1707 1174 1759 810

268 1788 376 1865 quidve
391 1790 459 1847 mali
474 1792 506 1848 fit
521 1800 553 1847 ut
566 1790 701 1849 exhalent
716 1799 815 1847 aurata
827 1791 961 1850 metalla!

268 1898 341 1956 quas
355 1880 507 1939 hominurn
521 1880 648 1938 reddunt
662 1881 750 1938 facies
765 1881 915 1956 qualisque
931 1881 1063 1941 colores!

267 1970 464 2032 nonnexvides
478 1971 597 2030 audisve
611 1971 705 2048 perire
720 1971 751 2029 in
765 1980 896 2047 tempore
911 1990 1001 2050 parvo

268 2080 357 2138 quam
371 2063 484 2121 soleant
498 2073 527 2121 et
541 2081 630 2138 quam
644 2062 713 2120 vitai
727 2063 814 2137 copia
827 2062 912 2136 desit,

267 2171 343 2229 quos
357 2172 447 2229 opere
461 2155 490 2212 in
505 2155 555 2213 tali
569 2153 688 2212 cohibet
704 2153 748 2211 vis
762 2171 867 2227 magna
881 2155 1031 2213 necessis?
1123 2161 1171 2227 815

267 2244 322 2303 hos
336 2245 422 2320 igitur
437 2245 521 2304 tellus
534 2244 630 2302 omnis
645 2253 794 2301 exaestuat
808 2255 904 2302 aestus

267 2337 436 2411 expiratque
451 2337 526 2394 foras
540 2336 571 2393 in
584 2345 717 2410 apertum
731 2345 926 2410 promptaque
941 2334 1024 2395 caeli.

307 2427 354 2485 sic
368 2436 398 2484 et
411 2429 527 2484 Averna
540 2426 606 2484 loca
619 2425 735 2483 alitibus
750 2426 929 2483 summittere
945 2425 1055 2485 debent

267 2517 444 2575 mortiferam
457 2517 526 2588 vim,
541 2515 579 2574 de
594 2525 669 2572 terra
683 2532 759 2589 quae
774 2516 863 2590 surgit
878 2515 1013 2586 maurae,

266 2616 299 2664 ut
312 2608 438 2682 spatium
453 2607 526 2664 caeli
541 2606 667 2681 quadam
682 2605 721 2663 de
735 2615 816 2680 parte
832 2615 979 2680 venenet5
1123 2612 1173 2665 820

267 2716 327 2772 quo
341 2697 472 2767 simulac
485 2696 613 2773 primum
628 2697 734 2771 pennis
749 2696 844 2753 delata
859 2697 895 2754 sit
908 2697 977 2768 aleS,

267 2787 442 2864 impediatur
456 2787 496 2845 ibi
510 2804 602 2845 caeco
616 2797 750 2860 correpta
763 2803 890 2858 veneno,

266 2888 300 2936 ut
313 2878 399 2935 cadat
412 2896 429 2936 e
443 2878 562 2953 regione
576 2877 642 2944 loci,
657 2894 716 2950 qua
730 2876 833 2952 derigit
848 2887 954 2936 aestus.

266 2987 326 3045 quo
341 2987 410 3027 cum
424 2969 547 3039 conmit,
562 2967 610 3024 hic
625 2967 730 3024 eadem
744 2968 786 3024 vis
802 2967 874 3025 illius
888 2978 985 3026 aestus

265 3060 400 3134 reliquias
414 3060 489 3116 vitae
504 3059 641 3116 membris
656 3075 693 3114 ex
708 3057 843 3115 omnibus
857 3059 959 3116 aufert.
1123 3065 1171 3130 8²5

266 3151 376 3226 quippe
391 3150 500 3207 etenim
515 3149 609 3224 primo
623 3148 706 3222 quasi
721 3147 869 3222 quendam
885 3149 1003 3208 conciet
1017 3159 1151 3223 aestum5

265 3241 410 3318 posterius
424 3241 457 3297 lit
470 3240 521 3311 uti,
537 3258 605 3296 cum
619 3239 677 3295 iam
691 3237 826 3296 cecidere
840 3239 946 3297 veneni

266 3332 298 3390 in
312 3332 399 3389 sontis
413 3331 502 3406 ipsos,
517 3330 557 3387 ibi
570 3330 606 3387 sit
619 3346 738 3403 quoque
752 3329 812 3386 vita
825 3328 974 3386 vomenda

266 3431 423 3496 propterea
436 3419 518 3494 quod
532 3437 639 3494 magna
653 3419 721 3475 mali
736 3419 767 3475 lit
781 3418 869 3494 copia
882 3419 1002 3476 circum.

306 3512 333 3570 F
334 3511 356 3569 it
363 3520 519 3586 quoqueut
524 3508 671 3567 interdum
676 3507 718 3565 vis
724 3507 798 3566 haec
805 3518 891 3583 atque
898 3519 995 3567 aestus
1003 3511 1109 3568 Averni
1122 3517 1173 3582 830
