2792 4025
285 290 348 369 136
602 296 834 354 coenemus
1122 296 1190 369 [iv.

280 462 312 522 id
326 480 445 538 quoque
459 461 611 537 permagni
625 461 731 533 refert;
752 478 820 518 nam
836 478 916 518 rnore
932 460 1056 518 ferarum

281 553 566 629 quadrupedumque
581 553 672 627 magis
686 553 741 609 ritu
756 551 927 626 plerumque
942 561 1080 626 putantur
1124 556 1187 624 1265

281 645 437 720 concipere
452 661 566 714 uxores,
580 642 650 717 quia
663 642 705 700 sic
719 642 785 699 loca
799 660 913 700 sumere
927 651 1059 717 possunt,

281 736 449 811 pectoribus
462 734 573 809 positis,
588 732 708 791 sublatis
722 732 834 790 semina
848 732 963 790 lumbis.

281 843 338 884 nec
352 825 455 881 molles
469 823 537 898 opu’
553 832 620 880 sunt
634 832 731 880 motus
745 822 883 879 uxoribus
899 822 998 879 hilum.

281 934 350 974 nam
365 915 467 972 mulier
480 913 615 989 prohibet
629 930 660 970 se
674 913 831 987 concipere
845 922 934 986 atque
947 921 1099 987 repugnat,

281 1006 414 1064 clunibus
429 1005 491 1079 ipsa
504 1004 557 1060 viri
569 1003 715 1060 Venerem
731 1003 755 1059 si
769 1003 844 1059 laeta
858 1011 992 1060 retractat
1126 1022 1190 1067 1270

281 1105 369 1169 atque
384 1103 519 1151 exossato
534 1094 592 1150 ciet
606 1092 687 1149 omni
703 1101 822 1167 pectore
837 1092 961 1164 fluctus3

282 1186 350 1244 eicit
363 1185 442 1242 enim
458 1184 570 1242 sulcum
584 1192 665 1240 recta
678 1183 798 1257 regione
813 1182 917 1256 viaque

280 1276 406 1333 vomeris
420 1285 508 1350 atque
523 1273 595 1331 locis
608 1273 711 1330 avertit
725 1272 843 1330 seminis
858 1273 958 1331 ictum.

281 1365 370 1439 idque
385 1384 438 1423 sua
451 1382 539 1421 causa
553 1372 732 1421 consuemnt
746 1373 842 1419 scorta
856 1363 975 1434 moveri,

281 1474 319 1514 ne
333 1455 549 1530 complerentur
562 1454 666 1511 crebro
680 1451 876 1527 gravidaeque
891 1454 1018 1512 iacerent
1125 1468 1187 1526 ¹2⁷5

281 1555 312 1603 et
325 1545 409 1602 simul
422 1545 486 1619 ipsa
498 1545 565 1601 viris
579 1544 680 1600 Venus
693 1552 726 1600 ut
740 1543 913 1601 concinnior
927 1553 1003 1601 esset
1014 1563 1023 1617 ς

281 1636 456 1711 coniugibus
470 1634 551 1709 quod
566 1634 605 1690 nil
619 1634 724 1691 nostris
739 1652 813 1708 opus
827 1652 891 1692 esse
905 1634 1028 1693 videtur.

323 1726 389 1783 Nec
403 1724 540 1782 divinitus
554 1723 700 1782 interdum
714 1724 895 1798 Venerisque
911 1724 1019 1800 sagittis

281 1814 424 1874 deteriore
439 1816 472 1872 tit
485 1826 517 1873 ut
530 1815 623 1872 fornia
636 1815 805 1873 muliercula
818 1825 939 1872 ametur.

280 1924 350 1963 nam
365 1906 433 1963 lacit
447 1906 510 1980 ipsa
523 1906 581 1963 suis
595 1904 741 1963 interdum
757 1905 865 1963 semina
879 1905 961 1963 sactis
1126 1910 1189 1963 1280

281 1996 490 2071 morigerisque
504 1995 601 2054 modis
615 2005 645 2053 et
659 1994 770 2054 munde
785 2012 909 2070 corpore
924 1994 1013 2067 culto,

281 2097 314 2144 ut
327 2087 409 2144 facile
424 2087 570 2144 insuescat
584 2096 612 2144 te
626 2104 728 2144 secum
743 2086 850 2161 degere
864 2086 961 2144 vitam.

282 2175 364 2252 quod
378 2186 518 2252 superest,
534 2177 718 2234 consuetudo
732 2177 892 2234 concinnat
905 2194 1056 2250 amorem3
1126 2209 1128 2214 ,

281 2285 350 2325 nam
363 2267 463 2324 leviter
476 2266 608 2342 quamvis
622 2266 705 2342 quod
719 2267 822 2324 crebro
837 2266 968 2324 tunditur
981 2267 1052 2337 ictu,

281 2357 406 2415 vincitur
419 2358 449 2414 in
463 2357 552 2431 longo
566 2358 661 2432 spatio
675 2370 775 2414 tamen
789 2366 877 2430 atque
891 2356 1020 2415 labascit.
1126 2362 1187 2426 1285

281 2466 381 2506 nonne
394 2447 476 2505 vides
491 2448 577 2504 etiam
592 2458 688 2522 guttas
703 2448 733 2504 in
747 2465 817 2504 saxa
830 2445 963 2505 cadentis

282 2538 390 2598 umoris
403 2538 491 2615 longo
506 2539 537 2595 in
550 2538 644 2614 spatio
659 2539 835 2614 pertundere
850 2538 940 2596 sarra?
