2792 4025
272 279 315 342 86
611 293 844 349 Lucuasms
921 255 937 273 ”
1101 293 1176 364 [111.

269 463 357 529 atque
372 453 412 511 ita
427 452 606 512 multimodis
620 454 732 528 partitis
746 453 866 512 artubus
881 470 956 524 esse,
1128 461 1178 511 620

270 545 468 602 membrorum
483 554 514 602 ut
528 562 689 618 numquam
703 545 807 602 existat
820 552 1023 619 praeposterus
1036 543 1132 602 ordo?

219 700 225 724 ἱ
269 654 362 711 usque
377 633 454 692 adeo
469 635 598 710 sequitur
611 653 657 692 res
671 652 734 692 rem
747 652 845 708 neque
860 634 979 691 flamma
992 635 1083 692 creari

269 727 434 785 fluminibus
450 727 560 784 solitast
573 744 670 800 neque
685 725 716 782 in
731 725 790 800 igni
803 725 915 799 gignier
928 724 1017 800 algor.

310 819 462 875 Praeterea
476 816 499 873 si
514 816 673 874 inmortalis
688 825 790 872 natura
804 815 938 873 animaist

269 917 299 966 et
313 909 418 966 sentire
433 916 530 983 potest
545 915 658 964 secreta
671 925 689 963 a
703 924 827 980 corpore
841 915 951 977 nostr0,
1122 892 1175 976 b25

270 999 405 1074 quinque,
417 1008 449 1057 ut
459 999 573 1073 opinor,
587 1015 652 1054 eam
662 995 832 1054 faciundum
843 1006 887 1054 est
896 996 1028 1055 sensibus
1039 1007 1155 1055 auctam
1165 1017 1175 1070 ;

268 1107 325 1147 nec
339 1091 450 1147 ratione
465 1090 520 1147 alia
534 1097 649 1146 nosmet
665 1105 830 1162 proponere
845 1087 931 1145 nobis

269 1198 423 1255 possumus
438 1179 563 1237 insemas
578 1180 689 1236 animas
705 1177 873 1235 Acherunte
887 1177 992 1252 vagari.

269 1271 395 1345 pictores
409 1271 507 1345 itaque
522 1280 552 1328 et
566 1271 740 1345 scriptorum
755 1268 851 1326 saecla
864 1269 962 1343 priora

269 1361 310 1418 sic
325 1361 436 1419 animas
450 1362 525 1418 intro
540 1360 686 1418 duxerunt
700 1359 833 1417 sensibus
847 1369 956 1418 auctas.
1126 1364 1176 1428 630

268 1461 298 1508 at
312 1470 408 1526 neque
423 1470 535 1510 sorsum
549 1451 628 1508 oculi
641 1468 739 1525 neque
753 1467 837 1506 nares
852 1467 908 1506 nec
922 1467 1025 1506 manus
1039 1449 1102 1523 ipsa

269 1559 332 1600 esse
347 1551 444 1617 potest
458 1542 572 1599 animae
587 1559 685 1616 neque
700 1559 813 1598 sorsum
827 1540 934 1614 lingua,
950 1557 1047 1614 neque
1062 1557 1146 1597 aures

269 1631 369 1689 auditu
383 1650 436 1707 per
450 1650 481 1690 se
495 1642 618 1707 possunt
632 1631 738 1690 sentire
753 1648 850 1705 neque
866 1647 939 1688 esse.

310 1722 349 1778 Et
363 1722 501 1797 quoniam
515 1731 578 1780 toto
593 1721 733 1779 sentimus
748 1738 871 1795 corpore
885 1721 981 1778 inesse

267 1812 385 1870 vitalem
399 1830 514 1870 sensum
530 1822 559 1869 et
573 1821 667 1869 totum
682 1829 746 1869 esse
760 1811 883 1868 animale
898 1809 1041 1881 videmus,
1124 1815 1172 1880 635

268 1905 291 1962 si
305 1905 401 1963 subito
416 1904 546 1962 medium
561 1905 648 1962 celeri
661 1904 909 1980 praecideritictu

266 1998 309 2056 vis
323 1998 420 2073 aliqua
432 2007 464 2055 ut
478 2017 590 2056 sorsum
605 2007 718 2074 partem
732 2006 864 2057 secernat
878 2007 1042 2073 utramque,

268 2088 417 2163 dispertita
431 2089 532 2164 procul
546 2088 636 2147 dubio
651 2106 771 2164 quoque
784 2090 827 2146 vis
841 2088 949 2146 animai

267 2188 297 2237 et
310 2179 430 2238 discissa
444 2180 529 2238 simul
542 2198 610 2237 cum
624 2197 748 2254 corpore
762 2178 935 2237 dissicietur.

266 2279 296 2328 at
310 2269 391 2346 quod
406 2270 545 2328 scinditur
559 2281 588 2328 et
602 2271 689 2345 partis
705 2269 830 2328 discedit
843 2270 874 2327 in
888 2270 969 2342 ullas,
1123 2277 1174 2338 640

266 2361 377 2419 scilicet
391 2370 539 2419 aeternam
554 2362 608 2419 sibi
623 2371 756 2418 naturam
769 2360 871 2418 abnuit
885 2378 959 2419 esse.

265 2451 408 2509 falciferos
423 2461 587 2509 memorant
601 2470 700 2509 currus
714 2450 866 2509 abscidere
881 2452 1014 2509 membra

168 2571 171 2576 ’
266 2559 354 2616 saepe
368 2543 408 2599 ita
421 2541 459 2599 de
474 2542 570 2600 subito
584 2542 728 2617 permixta
742 2540 834 2599 caede
849 2541 979 2614 calentis

265 2641 298 2689 ut
312 2641 435 2689 tremere
450 2633 480 2690 in
494 2642 569 2690 terra
582 2631 714 2689 videatur
727 2633 765 2690 ab
780 2633 898 2690 artubus
913 2632 943 2689 id
959 2630 1041 2707 quod

266 2721 378 2780 decidit
386 2723 540 2794 abscisum,
552 2740 620 2780 cum
631 2741 715 2780 mens
726 2733 826 2780 tamen
836 2732 924 2797 atque
934 2723 1061 2781 hominis
1070 2722 1114 2781 vis
1123 2730 1171 2794 645

265 2812 425 2871 mobilitate
440 2813 508 2870 mali
522 2831 582 2871 non
597 2814 660 2887 quit
675 2814 780 2871 sentire
796 2813 948 2886 dolorem,

264 2913 296 2961 et
309 2903 400 2962 semel
413 2904 443 2961 in
457 2922 572 2979 pugnae
587 2902 684 2961 studio
698 2903 780 2978 quod
795 2903 895 2962 dedita
908 2922 992 2962 mens
1006 2913 1060 2976 est,

265 3012 388 3069 corpore
402 2994 514 3069 reliqiio
528 3013 657 3070 pugnarn
672 2994 838 3069 caedesque
852 2995 982 3070 petessit,

264 3102 322 3141 nec
336 3094 417 3142 tenet
431 3085 565 3142 amissam
581 3086 693 3142 laevam
708 3104 778 3144 cum
792 3086 920 3159 tegmine
935 3104 1025 3161 saepe

264 3176 339 3233 inter
353 3192 445 3249 equos
459 3175 590 3233 abstraxe
604 3185 682 3233 rotas
696 3175 842 3250 falcesque
856 3193 987 3250 rapaces,
1124 3182 1174 3248 650

264 3284 321 3323 nec
336 3264 478 3323 cecidisse
492 3266 563 3323 alius
577 3265 719 3337 dextram,
734 3284 803 3323 cum
817 3266 932 3324 scandit
945 3276 975 3323 et
989 3268 1084 3325 instat.

264 3356 334 3415 inde
350 3356 421 3414 alius
436 3366 559 3415 conatur
572 3356 714 3432 adempto
728 3374 844 3431 surgere
856 3375 949 3428 crure,

264 3466 334 3505 cum
349 3446 454 3523 digitos
469 3449 557 3523 agitat
571 3456 692 3523 propter
706 3446 897 3505 moribundus
912 3447 992 3505 humi
1007 3466 1069 3523 pes

265 3549 296 3596 et
310 3548 397 3614 caput
411 3539 557 3597 abscisum
572 3538 668 3596 calido
682 3540 856 3614 viventeque
870 3548 973 3597 trunco
