2792 4025
276 249 337 311 118
607 263 839 319 LUCRETIUS
1111 263 1176 335 [lv.

271 434 301 484 at
315 433 417 484 contra
430 434 564 501 pungunt
577 444 695 484 sensum
709 426 895 500 lacerantque
909 435 1020 497 coorta,
1127 434 1175 500 ⁶²5

272 526 382 591 quanto
397 534 531 590 quaeque
546 517 638 592 magis
652 527 720 574 sunt
734 517 888 591 asperitate
902 517 1022 592 repleta

271 606 380 665 deinde
394 606 526 682 voluptas
541 617 584 665 est
599 625 615 664 e
630 625 702 664 suco
716 607 774 664 fine
788 606 894 681 palati;

271 715 340 754 cum
353 715 422 762 vero
437 697 574 755 deorsum
586 715 640 771 per
653 697 752 754 fauces
766 697 976 771 praecipitavit,

270 788 348 844 nulla
361 788 493 862 voluptas
507 797 560 859 est,
575 786 645 844 dum
661 786 770 844 diditur
782 787 879 844 omnis
893 788 924 844 in
938 796 1026 846 artus.
1110 843 1115 848 .

270 895 326 935 nec
341 878 427 936 refert
440 878 597 953 quicquam
612 895 672 951 quo
687 877 765 934 victu
780 895 887 951 corpus
901 877 1001 949 alatur,
1122 884 1176 955 630

270 967 435 1026 dummodo
449 968 531 1043 quod
545 968 643 1042 capias
658 976 837 1025 concoctum
851 967 953 1024 didere
968 969 1062 1043 possis

270 1058 387 1116 artubus
402 1068 431 1116 et
445 1058 587 1116 stomachi
601 1057 764 1115 umidulum
778 1075 890 1115 servare
905 1066 1047 1116 tenorem.

311 1148 399 1205 Nunc
414 1149 474 1206 aliis
488 1149 560 1206 alius
574 1149 625 1223 qui
639 1148 674 1205 sit
689 1148 766 1205 cibu’
782 1147 877 1206 suavis
891 1158 921 1207 et
933 1148 1027 1206 almus

270 1238 435 1313 expediam,
450 1257 585 1313 quareve,
600 1239 661 1296 aliis
675 1237 757 1312 quod
771 1238 850 1296 triste
865 1248 895 1296 et
908 1247 1075 1310 amarumst,

269 1328 327 1386 hoc
341 1338 441 1388 tamen
454 1347 517 1388 esse
532 1329 593 1386 aliis
607 1329 700 1404 possit
713 1327 852 1403 perdulce
863 1328 965 1399 videri,
1125 1336 1173 1402 ⁶35

269 1429 407 1494 tantaque
422 1421 452 1477 in
466 1420 510 1477 his
524 1421 611 1478 rebus
626 1419 764 1477 distantia
778 1418 986 1494 differitasque,

269 1519 301 1566 ut
315 1510 396 1584 quod
411 1511 448 1568 ali
462 1511 543 1569 cibus
559 1520 602 1568 est
616 1510 677 1567 aliis
693 1510 753 1567 fuat
767 1528 834 1568 acre
848 1528 1004 1569 venenum.

269 1610 406 1674 extetque
421 1610 452 1658 ut
467 1619 595 1675 serpens,
610 1600 737 1659 hominis
751 1618 827 1674 quae
841 1609 920 1658 tacta
933 1600 1027 1659 salivis

269 1689 389 1765 disperit
403 1709 439 1748 ac
453 1710 516 1750 sese
532 1690 703 1749 mandendo
718 1691 838 1749 conficit
852 1690 923 1765 ipsa

268 1791 418 1855 praeterea
433 1783 519 1840 nobis
533 1791 675 1839 veratrum
691 1791 736 1839 est
749 1799 816 1838 acre
830 1799 987 1854 venenum,
1124 1789 1174 1850 640

268 1881 298 1928 at
312 1873 406 1946 capn's
421 1872 522 1947 adipes
536 1882 566 1930 et
580 1872 778 1930 coturnicibus
792 1881 887 1948 auget.

267 1971 300 2019 ut
313 1963 420 2038 quibus
435 1962 465 2021 id
481 1963 531 2021 fiat
544 1963 631 2022 rebus
646 1981 826 2039 cognoscere
841 1963 944 2039 possis,

267 2054 412 2129 principio
427 2054 593 2112 meminisse
608 2054 695 2112 decet
711 2073 787 2129 quae
802 2054 928 2112 diximus
942 2062 1020 2126 aute,

267 2146 380 2202 semina
394 2144 573 2203 multimodis
587 2146 617 2203 in
631 2146 719 2203 rebus
733 2146 824 2203 mixta
837 2146 938 2203 teneri.

266 2252 353 2309 porro
368 2254 472 2293 omnes
483 2254 687 2311 quaecumque
698 2237 798 2294 cibum
809 2237 928 2311 capiunt
938 2235 1109 2307 animantes,
1123 2240 1171 2308 645

266 2335 299 2383 ut
312 2336 379 2384 sunt
393 2325 546 2384 dissimiles
561 2328 741 2384 extrinsecus
756 2338 785 2384 et
798 2327 958 2402 generatim

266 2416 374 2474 extima
387 2418 585 2475 membrorum
599 2418 831 2475 circumcaesura
845 2427 971 2488 coercet,

266 2506 390 2581 proinde
405 2517 434 2564 et
448 2508 606 2567 seminibus
621 2517 757 2565 constant
770 2508 898 2565 variante
912 2508 1012 2583 figura.

266 2598 379 2654 semina
393 2617 461 2655 cum
475 2615 561 2673 porro
577 2598 694 2669 distent,
710 2597 825 2655 differre
839 2608 989 2657 necessest

265 2686 413 2745 intervalla
427 2688 556 2763 viasque,
571 2689 714 2746 foramina
727 2706 803 2763 quae
818 2689 1014 2763 perhibemus,
1122 2695 1172 2761 650

265 2778 401 2837 omnibus
415 2778 445 2835 in
459 2779 596 2837 membris
611 2788 641 2836 et
655 2780 685 2835 in
699 2797 750 2837 ore
765 2780 887 2854 ipsoque
902 2780 1008 2853 palato.

266 2885 329 2925 esse
344 2868 458 2926 minora
472 2869 557 2943 igitur
571 2869 718 2943 quaedam
732 2870 900 2945 maioraque
916 2869 1035 2943 debent,

265 2975 329 3016 esse
344 2958 482 3033 triquetra
496 2959 566 3030 aliis,
581 2960 643 3017 aliis
658 2959 800 3034 quadrata
814 2968 971 3033 necessest,

264 3048 356 3106 multa
369 3048 504 3121 rutunda,
519 3049 616 3107 modis
631 3050 728 3107 multis
742 3051 922 3125 multangula
935 3050 1090 3125 quaedam.

264 3157 392 3213 namque
406 3140 562 3214 figurarum
578 3140 650 3197 ratio
664 3150 696 3198 ut
711 3151 866 3215 motusque
880 3150 1049 3216 reposcunt,
1121 3147 1170 3214 655

264 3228 390 3303 proinde
404 3230 592 3288 foraminibus
607 3230 718 3289 debent
733 3231 847 3288 differre
861 3232 980 3305 figurae,

265 3328 294 3378 et
308 3319 415 3377 variare
430 3320 493 3378 viae
508 3320 632 3395 proinde
647 3340 682 3378 ac
696 3331 809 3379 textura
823 3330 950 3379 coercet.

264 3408 322 3467 hoc
337 3410 387 3468 ubi
401 3409 484 3486 quod
498 3430 586 3469 suave
602 3422 645 3470 est
659 3412 721 3469 aliis
734 3412 795 3468 aliis
810 3412 842 3468 fit
856 3430 997 3482 amarum,

263 3499 312 3574 illi,
328 3501 375 3559 cui
389 3520 476 3560 suave
491 3513 543 3574 est,
558 3502 702 3561 levissima
716 3520 840 3577 corpora
853 3501 964 3561 debent
