2792 4025
221 291 289 365 1v.]
466 282 522 344 DE
547 291 691 345 RERUM
719 292 891 345 NATURA

219 452 350 529 corporis
363 462 451 527 atque
465 452 563 510 animi.
578 453 610 510 fit
624 453 666 510 uti
680 470 747 528 pars
761 452 831 510 inde
845 452 954 511 animai

220 544 340 602 eiciatur
353 553 383 601 et
397 545 551 601 introrsum
564 561 631 614 pars
644 543 745 602 abdita
758 542 855 613 cedat,

220 652 286 709 pars
301 634 388 691 etiam
402 633 539 691 distracta
553 651 606 708 per
619 643 697 691 artus
711 651 771 691 non
786 642 874 707 queat
888 651 952 692 esse

220 725 378 782 coniuncta
390 724 465 782 inter
478 742 509 781 se
524 741 621 797 neque
635 733 719 781 motu
733 733 835 780 mutua
848 724 948 800 sungi3

220 813 295 871 inter
309 814 387 871 enim
401 815 494 888 saepit
508 823 610 871 coetus
624 824 726 869 natura
739 815 880 887 viasque3

221 922 291 979 ergo
304 921 405 961 sensus
420 904 479 961 abit
493 903 611 959 mutatis
625 902 754 960 motibus
768 903 835 962 alte.

221 1004 250 1052 et
264 994 404 1067 quoniam
418 1012 479 1051 non
493 1002 538 1052 est
551 993 636 1067 quasi
648 991 732 1067 quod
746 994 889 1051 suffulciat
901 1002 989 1065 artus,
1078 1010 1129 1064 950

221 1083 318 1142 debile
332 1084 365 1140 fit
378 1100 486 1157 corpus
499 1083 750 1158 languescuntque
764 1087 864 1141 omnia
877 1084 1018 1153 membra,

220 1174 360 1234 bracchia
372 1173 589 1247 palpebraeque
603 1172 714 1232 cadunt
727 1174 911 1249 poplitesque
925 1171 1046 1230 cubanti

221 1283 309 1339 saepe
324 1275 424 1321 tamen
438 1263 657 1321 summittimtur
668 1264 794 1339 virisque
808 1263 966 1321 resolvunt.

222 1354 331 1414 deiude
346 1356 445 1413 cibum
459 1354 590 1430 sequitur
602 1372 733 1427 somnus,
748 1354 825 1431 quia
840 1370 916 1428 quae
931 1352 1002 1410 facit
1015 1351 1074 1424 a'er,

222 1446 296 1504 haec
311 1445 418 1505 eadem
431 1446 524 1518 cibus,
539 1446 569 1504 in
580 1464 670 1505 venas
684 1446 756 1504 dum
771 1444 881 1503 diditur
893 1445 998 1515 omnis,
1080 1458 1128 1515 955

222 1536 320 1596 efficit.
335 1547 365 1595 et
378 1538 472 1596 multo
486 1555 578 1613 sopor
591 1538 639 1620 ille
652 1536 838 1613 gravissimus
852 1544 945 1593 exstat

223 1645 312 1703 quem
327 1638 405 1687 satur
418 1637 468 1686 aut
481 1627 572 1686 lassus
586 1628 693 1703 capias,
709 1629 778 1701 quia
791 1625 914 1701 plurima
927 1634 990 1683 tum
1004 1640 1035 1681 se

223 1736 347 1793 corpora
360 1719 536 1777 conturbant
550 1736 658 1793 magno
672 1726 797 1776 contusa
811 1716 918 1774 labore.

223 1809 256 1866 fit
269 1810 381 1867 ratione
395 1808 501 1866 eadem
515 1808 666 1866 coniectus
679 1808 785 1883 partim
799 1805 907 1864 animai

223 1899 307 1956 altior
320 1909 408 1973 atque
422 1899 498 1955 foras
512 1898 623 1956 eiectus
636 1898 742 1973 largior
755 1898 826 1968 eius,
1081 1900 1130 1966 960

225 1999 255 2047 et
267 1988 385 2047 divisior
398 1989 472 2047 inter
486 2007 517 2046 se
530 2006 566 2046 ac
581 1987 745 2046 distractior
758 1988 788 2044 in
802 1994 867 2046 test.

265 2080 305 2136 Et
318 2097 379 2154 quo
394 2080 517 2153 quisque
531 2080 590 2136 sere
605 2079 703 2136 studio
718 2077 871 2136 devinctus
885 2075 1025 2135 adhaeret

224 2178 274 2226 aut
288 2170 393 2243 quibus
406 2169 437 2226 in
451 2169 677 2227 rebus‘multum
692 2187 792 2226 sumus
807 2177 874 2225 ante
889 2167 994 2224 morati

224 2270 313 2334 atque
327 2259 358 2316 in
371 2277 407 2316 ea
420 2259 533 2316 ratione
548 2258 601 2317 fuit
614 2267 754 2316 contenta
767 2257 859 2332 magis
873 2275 967 2328 mens,

225 2350 254 2409 in
269 2350 381 2408 somnis
397 2348 503 2407 eadem
516 2349 687 2424 plerumque
702 2347 837 2406 videmur
850 2347 951 2419 obire3
1083 2353 1131 2420 965

225 2439 365 2498 causidici
379 2457 481 2497 causas
496 2456 581 2514 agere
595 2448 626 2496 et
640 2455 818 2513 componere
832 2436 921 2512 leges,

225 2530 449 2605 induperatores
463 2546 593 2604 pugnare
607 2547 643 2586 ac
657 2528 768 2603 proelia
782 2527 873 2599 obire,

227 2630 334 2679 nautae
348 2629 533 2678 contractum
546 2637 616 2677 cum
629 2619 724 2676 ventis
738 2617 845 2693 degere
860 2617 978 2690 bellum,

226 2730 282 2770 nos
296 2729 381 2787 agere
397 2710 453 2768 hoc
467 2719 567 2768 autem
580 2719 611 2768 et
624 2718 756 2766 naturam
771 2726 909 2783 quaerere
924 2726 1020 2766 rerum

225 2819 342 2877 semper
355 2811 385 2859 et
399 2801 549 2858 inventam
562 2801 661 2876 patriis
676 2817 824 2874 exponere
839 2798 953 2857 chartis.
1083 2815 1134 2871 970

225 2901 324 2949 cetera
338 2891 380 2948 sic
394 2891 490 2948 studia
504 2901 592 2965 atque
606 2900 681 2947 artes
696 2890 868 2964 plerumque
881 2888 1017 2946 videntur

225 2983 256 3039 in
269 2982 379 3040 somnis
394 2981 508 3038 animos
522 2981 676 3038 hominum
690 2981 823 3037 frustrata
836 2989 946 3037 tenere.

226 3082 256 3130 et
270 3072 448 3146 quicumque
463 3070 527 3128 dies
541 3072 649 3129 multos
663 3089 700 3128 ex
714 3069 818 3128 ordine
832 3069 908 3127 ludis

225 3161 363 3225 adsiduas
378 3160 524 3219 dederunt
538 3179 651 3236 operas,
666 3161 839 3236 plerumque
853 3158 997 3232 videmus,

225 3271 295 3309 cum
308 3252 367 3309 iarn
381 3250 553 3309 destiterunt
567 3269 603 3309 ea
616 3252 748 3309 sensibus
762 3268 912 3325 usurpare,
1085 3263 1133 3320 975

225 3343 346 3402 relicuas
360 3352 461 3400 tamen
474 3359 538 3399 esse
552 3343 612 3399 vias
626 3343 656 3399 in
670 3350 768 3398 mente
783 3340 919 3416 patentis,

226 3452 285 3510 qua
298 3434 412 3510 possint
426 3431 532 3490 eadem
546 3451 642 3488 rerum
657 3432 810 3489 simulacra
822 3430 928 3488 venire.

226 3543 281 3602 per
294 3527 402 3583 multos
416 3523 515 3599 itaque
530 3523 577 3581 illa
590 3522 654 3580 dies
668 3521 774 3580 eadem
788 3521 977 3579 obversantur
