2792 4025
246 235 300 306 v.]
488 234 543 287 De
570 234 716 288 annun
744 234 916 289 NATURA
1094 238 1152 303 173

246 396 306 453 sive
320 396 394 454 feras
407 394 569 454 interficere
584 404 614 452 et
627 393 771 452 ditescere
785 394 905 469 praeda

245 504 313 544 nam
329 486 414 544 fovea
427 495 515 560 atque
530 486 590 561 igni
604 486 683 560 prius
697 498 742 543 est
755 486 886 543 venarier
900 495 996 544 ortum
1091 507 1154 559 1250

245 595 335 651 quam
348 577 461 651 saepire
475 576 567 651 plagis
581 576 686 633 saltum
701 576 881 650 canibusque
897 576 984 635 ciere.

245 665 390 741 quidquid
404 665 436 723 id
449 675 502 736 est,
518 684 705 741 quacumque
720 684 737 723 e
752 684 840 723 causa
855 666 1006 725 flammeus
1020 666 1107 726 ardor

246 756 374 815 horribili
387 757 485 814 sonitu
499 756 583 814 silvas
597 756 735 814 exederat
750 756 814 815 altis

245 848 284 905 ab
297 846 444 905 radicibus
458 856 488 904 et
501 856 607 904 terram
624 856 796 921 percoxerat
810 846 878 923 igni,

245 938 383 995 manabat
396 936 477 994 venis
491 937 666 995 serventibus
679 937 710 994 in
723 937 790 995 loca
804 946 896 996 terrae
1092 960 1120 995 12
1122 956 1136 1011 5
1138 957 1152 1011 5

245 1045 376 1085 concava
389 1027 567 1085 conveniens
581 1028 691 1102 argenti
705 1027 781 1085 rivus
796 1035 826 1085 et
841 1028 911 1099 auri,
990 1018 993 1025 ’

245 1117 319 1175 aeris
332 1118 403 1175 item
418 1127 448 1175 et
461 1117 582 1191 plumbi.
598 1135 674 1192 quae
688 1135 757 1174 cum
772 1127 911 1175 concreta
925 1117 1064 1177 videbant

246 1208 393 1283 posterius
407 1208 486 1265 claro
500 1207 531 1265 in
544 1216 621 1264 terra
634 1206 789 1281 splendere
805 1207 912 1277 colore,

246 1298 388 1356 tollebant
401 1296 495 1355 nitido
509 1297 588 1372 capti
602 1297 717 1372 levique
731 1296 840 1372 lepore,

247 1397 277 1445 et
290 1388 375 1446 simili
389 1387 512 1445 formata
524 1386 664 1445 videbant
677 1404 742 1445 esse
756 1387 849 1463 figura

245 1487 334 1553 atque
348 1478 517 1536 lacunarum
531 1478 644 1535 fuerant
656 1478 778 1553 vestigia
791 1478 906 1553 cuique.

245 1578 308 1626 turn
322 1568 494 1643 penetrabat
507 1586 559 1626 eos
573 1585 661 1643 posse
676 1567 751 1626 haee
767 1568 924 1644 liquefacta
937 1568 1033 1627 calore

246 1659 406 1736 quamlibet
419 1659 450 1717 in
465 1658 589 1716 formam
602 1668 633 1718 et
646 1658 753 1716 faciem
768 1657 922 1717 decurrere
936 1676 1034 1716 rerum

246 1759 276 1808 et
290 1768 422 1826 prorsum
436 1749 569 1823 quamvis
583 1750 614 1806 in
628 1759 714 1806 acuta
728 1767 763 1805 ac
778 1750 874 1806 tenvia
888 1766 975 1825 posse
1197 1822 1199 1826 Ι

245 1858 424 1897 mucronum
439 1838 508 1897 duci
522 1839 635 1914 fastigia
648 1837 852 1913 procudendo‚
1091 1846 1151 1911 ¹²⁶5

245 1940 279 1989 ut
292 1930 348 1989 sibi
361 1930 420 1989 tela
433 1929 545 2000 darent,
559 1930 702 2003 silvasque
717 1938 749 1985 ut
762 1928 886 1987 caedere
902 1940 1022 2004 possent

245 2022 458 2095 materiemque
473 2019 572 2077 dolare
587 2029 617 2077 et
630 2019 705 2077 levia
717 2019 819 2078 radere
834 2020 915 2095 tigna

246 2120 277 2168 et
290 2111 434 2169 terebrare
449 2110 538 2167 etiarn
551 2127 586 2166 ac
601 2108 776 2183 pertundere
791 2127 902 2185 perque
916 2111 1020 2170 forare.

246 2218 303 2259 nec
317 2201 413 2258 minus
427 2208 547 2274 argento
562 2198 657 2256 facere
671 2197 746 2257 haec
760 2218 891 2274 auroque
905 2201 1047 2275 parabant

247 2309 336 2366 quam
350 2289 439 2348 validi
452 2289 579 2365 primum
592 2288 726 2346 violentis
740 2289 846 2348 viribus
860 2290 943 2360 aeris,
1091 2310 1153 2356 1270

246 2381 437 2456 nequiquam,
453 2380 592 2455 quoniam
607 2377 733 2437 cedebat
746 2379 824 2437 victa
837 2389 967 2454 potestas

247 2490 304 2529 nec
317 2480 432 2547 poterat
445 2466 552 2545 pariter
566 2469 672 2528 durum
686 2469 802 2527 sufferre
816 2470 955 2530 laborem.

247 2571 310 2620 tum
324 2561 377 2620 fuit
390 2561 421 2618 in
435 2561 532 2636 pretio
548 2561 640 2636 magis
654 2578 704 2618 aes
718 2578 878 2636 aurumque
893 2562 1006 2620 iacebat

247 2662 367 2728 propter
379 2651 563 2710 inutilitatem
577 2651 676 2709 hebeti
690 2668 831 2708 mucrone
845 2660 983 2710 retusum.

247 2761 326 2801 nunc
333 2742 408 2800 iacet
415 2760 475 2812 aes,
481 2759 583 2798 aumm
592 2740 622 2798 in
628 2759 775 2799 summum
781 2741 919 2799 successit
930 2742 1081 2803 honorem.
1091 2763 1135 2810 127
1137 2762 1151 2814 5

248 2833 290 2891 sic
303 2831 447 2890 volvenda
460 2841 540 2890 aetas
555 2840 717 2890 commutat
731 2841 865 2907 tempora
878 2849 984 2892 rerum.

247 2921 330 2999 quod
343 2923 396 2980 fuit
410 2922 439 2980 in
452 2923 557 2998 preti0,
571 2922 604 2980 fit
617 2922 697 2981 nullo
711 2921 839 2997 denique
854 2921 985 2997 honore,

248 3031 335 3089 porro
349 3013 418 3071 aliut
431 3012 563 3071 succedit
578 3022 608 3070 et
622 3030 639 3070 e
654 3013 873 3088 contemptibus
887 3013 947 3070 exit

247 3106 337 3181 inque
352 3105 415 3164 dies
428 3106 520 3181 magis
534 3105 680 3181 adpetitur
693 3105 834 3180 floretque
847 3115 995 3180 repertum

248 3196 382 3255 laudibus
396 3205 426 3254 et
438 3198 513 3254 miro
528 3205 572 3254 est
582 3195 714 3254 mortalis
729 3196 804 3252 inter
820 3194 941 3253 honore.
1092 3203 1154 3254 1280

290 3288 380 3346 Nunc
394 3286 445 3344 tibi
459 3304 520 3360 quo
533 3296 621 3360 pacto
635 3286 701 3344 ferri
715 3295 817 3343 natura
830 3294 946 3360 reperta

250 3377 287 3435 sit
299 3377 410 3435 facilest
423 3377 477 3451 ipsi
491 3394 544 3451 per
558 3386 586 3434 te
600 3393 788 3451 cognoscere,
804 3375 939 3433 Memmi.

251 3485 331 3525 arma
343 3467 462 3545 antiqua
476 3485 579 3536 manus
593 3485 705 3542 ungues
715 3465 883 3542 ,dentesque
897 3465 1013 3524 fuerunt
