2792 4025
272 257 333 324 150
601 256 834 312 tucnnnus
1121 256 1170 328 [v.

267 417 407 494 diffugere
422 417 492 477 inde
506 419 563 477 loci
577 428 674 494 partes
688 436 814 494 coepere
828 436 971 494 paresque

266 528 336 567 cunr
350 510 468 585 paribus
482 510 561 583 iungi
575 528 621 567 res
634 520 665 568 et
678 509 843 568 discludere
858 509 1002 567 mundum

266 600 457 675 membraque
471 599 601 657 dividere
616 610 646 658 et
659 618 780 676 magnas
794 600 950 674 disponere
965 610 1071 676 partes,
1121 618 1170 671 445

265 689 324 746 hoc
338 698 391 761 est,
405 708 424 747 a
435 690 517 747 terris
531 689 621 747 altum
635 708 787 748 secernere
801 690 924 761 caelum,

266 789 296 836 et
309 798 421 838 sorsum
435 798 515 838 mare
529 780 571 837 uti
585 792 698 839 secreto
713 798 815 839 umore
829 789 951 855 pateret,

264 887 379 928 seorsus
393 870 463 928 item
477 870 541 946 puri
554 871 717 945 secretique
731 871 855 929 aetheris
868 871 959 945 ignes.

305 960 424 1035 Quippe
439 960 548 1018 etenim
562 962 687 1035 primurn
702 961 786 1019 terrai
800 978 924 1036 corpora
937 978 1081 1036 quaeque,

264 1061 420 1125 propterea
432 1050 515 1126 quod
529 1061 612 1109 erant
624 1051 721 1126 gravia
735 1061 765 1110 et
778 1052 926 1127 perplexa,
941 1052 1061 1109 coibant
1121 1070 1171 1123 450

264 1141 294 1198 in
309 1141 408 1200 medio
421 1151 509 1217 atque
523 1142 596 1200 imas
610 1142 766 1217 capiebant
779 1142 880 1200 omnia
893 1141 979 1200 sedes
990 1162 999 1213 ς

263 1250 340 1306 quae
354 1242 465 1307 quanto
479 1233 571 1307 magis
584 1233 660 1291 inter
672 1250 704 1292 se
718 1233 857 1308 perplexa
870 1232 998 1304 coibant,

262 1332 323 1380 tarn
338 1324 430 1398 magis
444 1341 612 1398 expressere
626 1341 752 1398 eaquae
766 1341 846 1381 mare
861 1322 956 1381 sidera
970 1324 1061 1382 solem

262 1412 419 1488 lunamque
434 1413 584 1471 efficerent
597 1423 628 1471 et
642 1414 738 1488 magni
754 1414 872 1471 moenia
886 1413 998 1471 mundi.

262 1503 362 1562 omnia
376 1504 455 1561 enim
471 1504 563 1579 magis
577 1504 651 1562 haec
665 1521 682 1563 e
696 1504 808 1562 levibus
821 1514 910 1578 atque
924 1502 1058 1563 rutundis
1119 1522 1150 1575 45
1154 1522 1167 1575 5

261 1594 421 1652 seminibus
435 1595 587 1669 multoque
602 1595 757 1653 minoribu’
773 1604 839 1652 sunt
853 1595 1006 1653 elementis

261 1701 350 1758 quam
365 1684 458 1742 tellus.
474 1684 552 1756 ideo,
567 1702 696 1760 perrara
710 1685 860 1756 foramina,
875 1695 967 1746 terrae

260 1775 390 1849 partibus
405 1792 562 1850 erumpens
576 1775 686 1850 primus
701 1793 732 1833 se
747 1776 860 1833 sustulit
872 1775 973 1834 aether

260 1865 363 1939 ignifer
377 1875 407 1922 et
421 1865 528 1923 multos
542 1883 644 1923 secum
658 1866 729 1923 levis
743 1866 860 1924 abstulit
874 1867 956 1942 ignis,

259 1972 321 2014 non
335 1955 389 2014 alia
403 1956 491 2032 longe
504 1957 617 2016 ratione
631 1974 770 2032 acsaepe
783 1955 927 2029 videmus,
1117 1962 1168 2025 460

258 2064 348 2104 aurea
360 2065 428 2104 curn
443 2047 570 2122 primurn
584 2048 759 2121 gemmantis
772 2065 837 2104 rore
851 2065 904 2122 per
918 2046 1022 2106 herbas

258 2137 400 2195 matutina
414 2138 519 2195 rubent
532 2136 635 2195 radiati
649 2137 759 2195 lumina
773 2138 840 2196 solis

258 2227 453 2302 exhalantque
467 2228 547 2285 lacus
562 2229 698 2287 nebulam
713 2227 850 2303 fluviique
864 2245 1019 2302 perennes,

218 2342 222 2352 =
256 2317 380 2392 ipsaque
395 2326 428 2375 ut
442 2317 588 2376 interdum
602 2319 685 2377 tellus
701 2317 812 2376 fumare
825 2318 959 2391 videtur;

256 2408 356 2465 omnia
370 2425 445 2481 quae
460 2426 574 2466 sursum
588 2425 655 2466 cum
671 2408 871 2480 conciliantur,
887 2408 917 2465 in
931 2408 989 2466 alto
1117 2416 1166 2481 ⁴⁶5

256 2516 380 2572 corpore
395 2507 536 2556 concreto
550 2499 709 2557 subtexunt
721 2498 821 2557 nubila
834 2498 958 2557 caelum.

256 2587 298 2645 sic
313 2588 400 2662 igitur
413 2597 474 2646 turn
489 2606 521 2645 se
536 2588 604 2646 levis
618 2606 654 2646 ac
668 2588 799 2646 diffusilis
812 2587 912 2646 aether

255 2696 379 2752 corpore
394 2686 536 2735 concreto
547 2678 745 2736 circumdatus
759 2678 891 2753 undique
905 2678 985 2737 flexit

255 2778 285 2826 et
299 2768 355 2826 late
370 2767 491 2825 diffusus
505 2768 536 2825 in
549 2769 645 2826 omnis
662 2768 795 2843 undique
809 2769 899 2844 partis

254 2858 355 2917 omnia
368 2858 410 2916 sic
425 2856 512 2915 avido
527 2859 682 2932 complexu
697 2868 797 2916 cetera
811 2859 928 2934 saepsit.
1115 2878 1166 2926 470

254 2947 335 3006 hunc
349 2947 469 3005 exordia
483 2957 551 3005 sunt
564 2949 632 3006 solis
646 2949 791 3023 lunaeque
806 2958 916 3019 secuta,

253 3037 465 3113 interutrasque
480 3038 559 3112 globi
574 3057 698 3112 quorum
714 3048 864 3096 vertuntur
877 3039 907 3096 in
922 3037 1016 3108 auris;

254 3147 330 3204 quae
345 3148 442 3204 neque
457 3139 532 3187 terra
545 3129 599 3187 sibi
613 3129 737 3188 adscivit
750 3148 806 3186 nec
821 3130 964 3187 maximus
979 3128 1088 3200 aether,

254 3219 335 3295 quod
350 3238 447 3296 neque
463 3229 523 3277 tarn
537 3220 652 3278 fuerunt
665 3221 763 3294 gravia
777 3231 809 3277 ut
823 3220 961 3294 depressa
975 3219 1121 3291 sederent,

253 3328 310 3368 nec
324 3311 397 3368 levia
411 3320 443 3368 ut
457 3320 578 3386 possent
593 3328 645 3385 per
658 3329 786 3368 summas
801 3311 891 3368 labier
904 3327 979 3381 oras,
1111 3327 1161 3382 4⁷5

254 3410 396 3459 ettamen
410 3402 623 3475 interutrasque
636 3402 677 3458 ita
690 3410 758 3458 sunt
772 3410 803 3458 ut
817 3418 942 3475 corpora
954 3400 1020 3459 viva

253 3501 369 3550 versent
383 3501 413 3549 et
426 3501 522 3567 partes
537 3500 569 3549 ut
583 3489 686 3548 mundi
701 3490 789 3548 totius
803 3499 923 3563 extent3
