2792 4025
131 273 133 276 ·
220 281 273 354 m]
460 282 514 335 nu
541 281 884 336 annuntiarunt
988 263 992 268 ’
1083 279 1120 348 55

218 462 287 502 nam
300 443 389 502 veluti
402 451 465 502 tota
477 452 580 501 natura
594 442 747 502 dissimiles
760 453 827 502 sunt
1075 464 1123 510 720

217 535 292 593 inter
305 551 336 592 se
350 534 465 609 genitae
479 552 525 591 res
539 552 682 609 quaeque,
698 535 738 591 ita
751 552 900 609 quamque
914 545 1064 594 necessest

218 625 349 683 dissimili
363 633 496 683 constare
510 624 602 699 figura
616 625 825 699 principiorum
837 645 845 697 ;

218 734 279 773 non
294 734 353 790 quo
367 716 460 773 multa
472 733 575 790 parum
591 716 675 772 simili
689 717 747 773 sint
760 716 893 790 praedita
906 717 1008 787 forma,

218 805 271 865 sed
286 806 428 880 quianon
441 807 527 880 volgo
542 807 621 880 paria
635 808 771 864 omnibus
785 808 885 864 omnia
898 816 1042 866 constant.

206 897 330 970 ⁸semina
343 914 411 954 cum
426 913 513 971 porro
528 897 645 967 distent,
662 896 775 955 differre
790 908 941 956 necessust
1075 915 1121 968 7²5

218 987 365 1044 intervalla
377 987 437 1044 vias
455 1004 586 1044 conexus
600 987 733 1062 pondera
746 988 845 1062 plagas

218 1095 377 1134 concursus
392 1086 498 1147 motus,
514 1095 589 1151 quae
605 1096 666 1135 non
680 1079 814 1135 animalia
828 1078 923 1136 solum

219 1186 343 1242 corpora
357 1167 520 1243 seiungunt,
535 1167 588 1226 sed
602 1178 689 1226 terras
704 1186 740 1225 ac
754 1186 834 1226 mare
848 1178 943 1226 totum

219 1267 375 1316 secernunt
389 1259 560 1332 caelumque
575 1277 593 1316 a
607 1259 687 1316 terris
702 1276 790 1316 omne
805 1267 959 1317 retentant.

261 1349 350 1406 Nunc
364 1367 418 1423 age
433 1348 512 1406 dicta
526 1367 594 1406 meo
609 1347 687 1406 dulci
702 1349 832 1423 quaesita
846 1349 944 1406 labore
1076 1367 1124 1418 ⁷30

219 1430 348 1514 percipe,
360 1440 484 1497 ne'lorte
499 1439 573 1497 haec
586 1440 658 1497 albis
672 1457 710 1496 ex
723 1439 788 1496 alba
800 1439 887 1496 rearis

219 1529 369 1605 principiis
384 1547 456 1599 esse,
472 1539 539 1587 ante
554 1530 656 1587 oculos
671 1547 746 1603 quae
761 1527 888 1586 candida
901 1529 1004 1600 cernis,

220 1629 270 1678 aut
284 1638 408 1696 eaquae
423 1621 536 1695 nigrant
550 1621 633 1694 nigro
648 1619 686 1677 de
702 1619 814 1677 semine
829 1629 917 1692 nata;

220 1710 286 1767 nive
301 1711 389 1769 alium
400 1710 532 1785 quemvis
546 1729 621 1784 quae
636 1719 704 1768 sunt
717 1709 817 1768 inbuta
830 1710 971 1780 colorem,

220 1813 376 1879 propterea
389 1819 488 1876 gerere
503 1801 581 1858 hunc
596 1800 708 1872 credas,
723 1799 805 1874 quod
820 1800 949 1858 materiai
1076 1816 1123 1869 735

220 1910 346 1968 corpora
359 1890 503 1950 consimili
517 1892 574 1950 sint
588 1891 649 1948 eius
664 1891 755 1949 tincta
768 1891 876 1948 colore.

221 1983 316 2041 nullus
330 1983 409 2041 enim
424 1983 504 2041 color
518 1991 562 2041 est
576 1983 698 2040 omnino
713 1981 843 2040 materiai

221 2074 401 2149 corporibus,
412 2092 509 2147 neque
523 2092 575 2148 par
588 2074 674 2131 rebus
688 2091 785 2147 neque
800 2072 929 2146 denique
944 2070 1048 2146 dispar.

222 2165 252 2222 in
267 2182 342 2240 quae
357 2182 480 2239 corpora
493 2165 517 2222 si
532 2165 625 2221 nullus
640 2163 692 2221 tibi
706 2164 779 2220 sorte
795 2162 908 2220 videtur

221 2273 309 2331 posse
324 2256 413 2312 animi
428 2256 551 2312 iniectus
565 2254 636 2325 fieri,
651 2254 755 2327 procul
768 2253 848 2311 avius
862 2271 949 2309 erras.
1079 2272 1127 2319 740

222 2363 291 2403 nam
305 2364 374 2403 cum
389 2345 546 2419 caecigeni,
563 2345 629 2402 solis
645 2344 695 2418 qui
709 2344 819 2400 lumina
832 2360 994 2416 numquam

223 2435 386 2510 dispexere,
403 2446 501 2493 tamen
516 2443 697 2509 cognoscant
712 2451 836 2507 corpora
849 2443 938 2504 tactu,

223 2544 260 2583 ex
274 2527 392 2585 ineunte
406 2544 479 2584 aevo
494 2526 572 2583 nullo
588 2522 745 2582 coniuncta
759 2524 866 2594 colore,

223 2617 297 2674 scire
311 2618 380 2674 licet
392 2626 508 2674 nostrae
523 2633 641 2691 quoque
656 2615 748 2671 menti
762 2632 886 2689 corpora
899 2631 987 2688 posse

222 2708 297 2764 vorti
311 2708 341 2764 in
354 2707 487 2765 notitiam
501 2707 582 2764 nullo
597 2706 707 2763 circum
722 2706 772 2761 lita
785 2705 862 2762 suco.

224 2796 352 2871 denique
367 2815 421 2854 nos
436 2797 491 2871 ipsi
505 2797 601 2854 caecis
616 2813 820 2870 quaecumque
836 2795 963 2853 tenebris
1080 2811 1125 2864 745

224 2888 377 2962 tangimus
393 2886 472 2945 haud
485 2887 544 2944 ullo
559 2888 700 2944 sentimus
714 2886 805 2943 tincta
819 2886 927 2942 colore.

224 2976 307 3052 quod
320 2978 459 3051 quoniam
472 2977 559 3035 vinco
574 2978 645 3047 fieri,
660 2994 739 3034 nunc
754 2993 817 3033 esse
832 2975 949 3033 docebo

225 3157 321 3216 omnis
336 3158 414 3215 enim
429 3158 509 3216 color
523 3158 643 3216 omnino
658 3166 786 3214 mutatur
799 3156 829 3214 in
843 3156 958 3227 omnis;

226 3246 308 3321 quod
322 3248 416 3306 facere
432 3247 511 3307 haud
525 3250 583 3305 ullo
598 3248 708 3305 debent
721 3246 880 3321 primordia
893 3255 981 3321 pacto
993 3266 1002 3317 ;
1081 3262 1130 3315 750

226 3338 406 3397 immutabile
421 3339 499 3397 enim
515 3338 657 3412 quiddam
672 3356 807 3412 superare
822 3345 979 3408 necessest,

226 3446 265 3485 ne
279 3447 325 3486 res
339 3428 378 3486 ad
391 3430 483 3486 nilum
496 3429 662 3503 redigantur
675 3427 804 3485 funditus
819 3445 930 3485 omnes.

227 3537 296 3576 nam
311 3519 521 3595 quodcumque
536 3520 594 3577 suis
608 3528 751 3577 mutatum
765 3518 870 3576 finibus
885 3516 954 3589 exit,
