2792 4025
253 234 298 314 46
573 241 804 302 coenamus
884 193 892 208 ’
1102 246 1157 317 [11.

255 410 386 469 sensibus
400 409 580 485 introituque
595 428 648 467 suo
663 426 851 484 perrumpere
866 427 982 484 corpus.

295 502 404 562 Omnia
418 511 569 576 postremo
582 501 660 558 bona
674 501 805 582 sensibus
820 510 850 557 et
863 501 940 558 mala
953 510 1032 559 tactu

254 592 385 652 dissimili
399 593 474 649 inter
486 610 518 649 se
532 600 664 667 pugnant
678 593 808 666 perfecta
822 592 933 666 figura3

254 702 292 741 nc
307 693 338 740 tu
352 684 425 741 sorte
440 691 526 758 putes
541 700 634 740 serrae
650 680 795 738 stridentis
809 682 949 739 acerbum
1108 703 1158 750 410

254 773 403 842 horrorem
418 783 551 831 constare
569 772 721 829 elementis
736 773 846 829 levibus
861 790 955 847 aeque

254 883 289 921 ac
304 882 424 921 musaea
438 865 521 934 mele,
537 881 591 938 per
604 861 729 920 chordas
744 863 873 937 organici
888 880 963 936 quae

254 954 409 1011 mobilibus
424 952 521 1028 digitis
536 953 740 1028 expergefacta
754 953 897 1026 figurant3

254 1062 312 1101 neu
327 1045 409 1101 simili
424 1054 577 1119 penetrare
591 1053 676 1118 putes
690 1042 851 1118 primordia
864 1043 957 1100 forma

254 1135 284 1191 in
298 1152 381 1192 nares
396 1133 557 1206 hominurn,
572 1152 640 1190 cum
654 1143 747 1190 taetra
761 1132 903 1190 cadavera
916 1142 1035 1204 torrent,
1108 1153 1141 1212 4¹.
1143 1150 1157 1203 5

254 1233 283 1282 et
299 1243 366 1281 cunr
381 1243 469 1282 scena
484 1242 572 1282 croco
587 1224 670 1282 Cilici
684 1224 802 1299 perlusa
815 1242 918 1281 recens
933 1233 978 1282 est

253 1333 360 1389 araque
376 1315 547 1372 Panchaeos
561 1314 676 1372 exhalat
690 1324 810 1388 propter
823 1313 948 1386 odores;

253 1423 327 1463 neve
342 1405 436 1463 bonos
451 1423 546 1462 rerum
562 1405 646 1462 simili
661 1415 795 1462 constare
810 1405 924 1462 colores

254 1494 364 1552 semine
380 1495 547 1565 constituas,
563 1495 664 1552 oculos
679 1495 728 1569 qui
743 1513 862 1568 pascere
877 1504 1007 1568 possunt,

254 1595 284 1642 et
298 1585 348 1658 qui
362 1594 554 1659 conpungunt
568 1585 662 1642 aciem
676 1585 884 1659 lacrimareque
899 1594 1010 1660 cogunt
1109 1607 1159 1654 420

254 1686 304 1733 aut
317 1674 406 1732 foeda
420 1677 518 1750 specie
533 1674 588 1733 diri
601 1685 759 1750 turpesque
773 1675 917 1733 videntur.

255 1766 349 1823 omnis
364 1767 452 1838 enim,
468 1784 569 1823 sensus
583 1767 658 1840 quae
673 1766 783 1824 mulcet
797 1785 933 1841 cumque,
947 1766 1039 1842 figura

254 1855 325 1913 haut
339 1857 401 1914 sine
416 1856 578 1931 principiali
592 1857 688 1931 aliquo
704 1858 800 1914 levore
815 1867 958 1929 creatast3

254 1956 284 2003 at
298 1956 400 2004 contra
413 1965 617 2023 quaecumque
632 1947 755 2004 molesta
768 1958 856 2022 atque
870 1966 973 2023 aspera
987 1956 1110 2019 constat,

254 2056 314 2095 non
330 2038 427 2111 aliquo
442 2039 504 2095 sine
518 2038 655 2095 materiae
670 2038 804 2113 squalore
819 2048 967 2113 repertast.
1109 2056 1156 2111 4²5

254 2138 321 2186 sunt
336 2129 423 2186 etiarn
436 2146 511 2204 quae
527 2129 584 2185 iam
597 2146 654 2185 nec
668 2129 744 2187 levia
757 2130 817 2186 iure
831 2139 970 2204 putantur

255 2238 317 2277 esse
332 2238 428 2293 neque
443 2219 563 2277 omnino
578 2219 658 2277 flexis
674 2220 862 2277 mucronibus
876 2238 962 2291 unca,

253 2308 306 2367 sed
322 2310 412 2385 magis
424 2310 542 2384 angellis
556 2309 675 2383 paulurn
689 2310 894 2383 prostantibus‚
910 2309 993 2383 utqui

253 2399 365 2457 titillare
380 2399 472 2474 magis
486 2418 587 2457 sensus
603 2418 690 2474 quam
706 2398 823 2465 laedere
837 2400 968 2474 possint3

254 2490 366 2547 faecula
378 2490 436 2547 iam
451 2508 510 2564 quo
525 2489 562 2547 de
576 2507 683 2563 genere
698 2500 743 2547 est
757 2490 912 2564 inulaeque
926 2508 1053 2565 sapores.
1108 2510 1158 2561 430

254 2579 382 2654 denique
397 2581 454 2637 iarn
470 2579 580 2637 calidos
594 2580 667 2655 ignis
681 2580 868 2655 gelidamque
882 2581 1017 2654 pruinam

254 2670 384 2727 dissimili
399 2670 518 2728 dentata
531 2670 622 2727 modo
637 2689 825 2745 conpungere
839 2688 941 2729 sensus

254 2761 393 2835 corporis²
408 2760 517 2818 indicio
532 2761 617 2819 nobis
632 2772 675 2818 est
689 2772 783 2819 tactus
797 2772 929 2835 uterque.

253 2860 348 2908 tactus
363 2851 450 2922 enirn,
466 2860 568 2923 tactuS,
582 2870 636 2926 pro
652 2851 751 2909 divum
766 2852 887 2909 numina
901 2861 1009 2923 sancta,

254 2941 384 3015 corporis
399 2950 443 2998 est
457 2960 567 3012 sensus,
581 2942 628 2999 vel
643 2960 711 2998 cum
725 2961 771 2999 res
786 2953 884 3000 extera
898 2960 962 3000 sese
1108 2964 1156 3017 435

253 3031 388 3102 insinuat,
403 3032 448 3089 vel
462 3050 530 3089 cum
545 3032 634 3090 laedit
648 3051 723 3106 quae
737 3033 768 3090 in
783 3051 906 3106 corpore
919 3042 1014 3091 natast

254 3132 303 3179 aut
317 3122 395 3179 iuvat
409 3122 561 3196 egrediens
575 3123 706 3197 genitalis
720 3141 774 3197 per
785 3123 908 3181 Veneris
922 3141 976 3195 res

253 3222 303 3269 aut
317 3230 354 3270 ex
368 3212 480 3269 offensu
496 3230 562 3270 cum
578 3213 694 3270 turbant
709 3231 832 3287 corpore
847 3213 877 3270 in
891 3213 956 3287 ipso

253 3303 365 3360 semina
379 3302 622 3377 confunduntquc
637 3303 712 3360 inter
725 3322 756 3360 se
771 3304 889 3361 concita
902 3322 1039 3380 sensum;

253 3402 286 3451 ut
299 3393 323 3450 si
337 3393 410 3450 sorte
425 3411 513 3449 manu
527 3394 658 3467 quamvis
673 3394 731 3450 iam
746 3394 876 3469 corporis
890 3394 953 3469 ipse
1108 3419 1158 3465 440

252 3492 315 3542 tute
329 3483 382 3541 tibi
395 3492 509 3558 partem
522 3484 605 3541 ferias
620 3494 707 3558 atque
722 3484 879 3560 experiare.
