<?xml version="1.0" encoding="UTF-8"?>
<!DOCTYPE html PUBLIC "-//W3C//DTD XHTML 1.0 Transitional//EN"
    "http://www.w3.org/TR/xhtml1/DTD/xhtml1-transitional.dtd">
<html xmlns="http://www.w3.org/1999/xhtml" xml:lang="en" lang="en">
 <head>
  <title>
</title>
<meta http-equiv="Content-Type" content="text/html;charset=utf-8" />
  <meta name='ocr-system' content='tesseract 3.04.00' />
  <meta name='ocr-capabilities' content='ocr_page ocr_carea ocr_par ocr_line ocrx_word'/>
</head>
<body>
  <div class='ocr_page' id='page_1' title='image "./tlucreticarider01kelsgoog_0236.png"; bbox 0 0 2792 4025; ppageno 0'>
   <div class='ocr_carea' id='block_1_1' title="bbox 246 220 1148 291">
    <p class='ocr_par' dir='ltr' id='par_1_1' title="bbox 246 220 1148 291">
     <span class='ocr_line' id='line_1_1' title="bbox 246 220 1148 291; baseline 0.004 -20"><span class='ocrx_word' id='word_1_1' title='bbox 246 225 304 289; x_wconf 89' lang='lat'><strong>172</strong></span> <span class='ocrx_word' id='word_1_2' title='bbox 563 221 795 275; x_wconf 76' lang='lat' dir='ltr'><strong>incasurus</strong></span> <span class='ocrx_word' id='word_1_3' title='bbox 1099 220 1148 291; x_wconf 91' lang='lat' dir='ltr'><strong>[v.</strong></span> 
     </span>
    </p>
   </div>
   <div class='ocr_carea' id='block_1_2' title="bbox 164 380 1148 3530">
    <p class='ocr_par' dir='ltr' id='par_1_2' title="bbox 240 380 928 456">
     <span class='ocr_line' id='line_1_2' title="bbox 240 380 928 456; baseline 0 -16"><span class='ocrx_word' id='word_1_4' title='bbox 240 382 355 441; x_wconf 85' lang='lat' dir='ltr'><strong>solliciti</strong></span> <span class='ocrx_word' id='word_1_5' title='bbox 368 392 465 440; x_wconf 90' lang='lat' dir='ltr'><strong>motus</strong></span> <span class='ocrx_word' id='word_1_6' title='bbox 480 382 559 440; x_wconf 90' lang='lat' dir='ltr'><strong>hunc</strong></span> <span class='ocrx_word' id='word_1_7' title='bbox 573 383 686 456; x_wconf 87' lang='lat' dir='ltr'><strong>possint</strong></span> <span class='ocrx_word' id='word_1_8' title='bbox 700 382 774 440; x_wconf 89' lang='lat' dir='ltr'><strong>ferre</strong></span> <span class='ocrx_word' id='word_1_9' title='bbox 788 380 928 456; x_wconf 87' lang='lat' dir='ltr'><strong>laborem,</strong></span> 
     </span>
    </p>

    <p class='ocr_par' dir='ltr' id='par_1_3' title="bbox 240 471 1143 545">
     <span class='ocr_line' id='line_1_3' title="bbox 240 471 1143 545; baseline 0.001 -15"><span class='ocrx_word' id='word_1_10' title='bbox 240 491 278 530; x_wconf 90' lang='lat' dir='ltr'><strong>an</strong></span> <span class='ocrx_word' id='word_1_11' title='bbox 291 472 429 531; x_wconf 90' lang='lat' dir='ltr'><strong>divinitus</strong></span> <span class='ocrx_word' id='word_1_12' title='bbox 443 482 562 531; x_wconf 89' lang='lat' dir='ltr'><strong>aeterna</strong></span> <span class='ocrx_word' id='word_1_13' title='bbox 575 471 685 530; x_wconf 92' lang='lat' dir='ltr'><strong>donata</strong></span> <span class='ocrx_word' id='word_1_14' title='bbox 698 474 790 530; x_wconf 89' lang='lat' dir='ltr'><strong>salute</strong></span> <span class='ocrx_word' id='word_1_15' title='bbox 1082 493 1143 545; x_wconf 81' lang='lat'>1215</span> 
     </span>
    </p>

    <p class='ocr_par' dir='ltr' id='par_1_4' title="bbox 164 563 834 639">
     <span class='ocr_line' id='line_1_4' title="bbox 164 563 834 639; baseline 0 -19"><span class='ocrx_word' id='word_1_16' title='bbox 164 628 171 633; x_wconf 39' lang='grc'>,</span> <span class='ocrx_word' id='word_1_17' title='bbox 239 573 383 639; x_wconf 91' lang='lat' dir='ltr'><strong>perpetuo</strong></span> <span class='ocrx_word' id='word_1_18' title='bbox 397 564 509 638; x_wconf 91' lang='lat' dir='ltr'><strong>possint</strong></span> <span class='ocrx_word' id='word_1_19' title='bbox 523 563 586 620; x_wconf 84' lang='lat' dir='ltr'><strong>aevi</strong></span> <span class='ocrx_word' id='word_1_20' title='bbox 600 563 727 621; x_wconf 88' lang='lat' dir='ltr'><strong>labentia</strong></span> <span class='ocrx_word' id='word_1_21' title='bbox 741 572 834 621; x_wconf 86' lang='lat' dir='ltr'><strong>tractu</strong></span> 
     </span>
    </p>

    <p class='ocr_par' dir='ltr' id='par_1_5' title="bbox 240 652 856 711">
     <span class='ocr_line' id='line_1_5' title="bbox 240 652 856 711; baseline 0 0"><span class='ocrx_word' id='word_1_22' title='bbox 240 653 364 711; x_wconf 91' lang='lat' dir='ltr'><strong>inmensi</strong></span> <span class='ocrx_word' id='word_1_23' title='bbox 377 652 486 711; x_wconf 89' lang='lat' dir='ltr'><strong>validas</strong></span> <span class='ocrx_word' id='word_1_24' title='bbox 500 653 564 710; x_wconf 90' lang='lat' dir='ltr'><strong>aevi</strong></span> <span class='ocrx_word' id='word_1_25' title='bbox 578 663 767 710; x_wconf 87' lang='lat' dir='ltr'><strong>contemnere</strong></span> <span class='ocrx_word' id='word_1_26' title='bbox 781 652 856 711; x_wconf 91' lang='lat' dir='ltr'><strong>viris.</strong></span> 
     </span>
    </p>

    <p class='ocr_par' dir='ltr' id='par_1_6' title="bbox 241 742 942 818">
     <span class='ocr_line' id='line_1_6' title="bbox 241 742 942 818; baseline 0 -18"><span class='ocrx_word' id='word_1_27' title='bbox 241 752 393 818; x_wconf 91' lang='lat' dir='ltr'><strong>praeterea</strong></span> <span class='ocrx_word' id='word_1_28' title='bbox 406 744 454 800; x_wconf 88' lang='lat' dir='ltr'><strong>cui</strong></span> <span class='ocrx_word' id='word_1_29' title='bbox 468 761 530 801; x_wconf 93' lang='lat' dir='ltr'><strong>non</strong></span> <span class='ocrx_word' id='word_1_30' title='bbox 543 744 657 800; x_wconf 86' lang='lat' dir='ltr'><strong>animus</strong></span> <span class='ocrx_word' id='word_1_31' title='bbox 671 742 826 801; x_wconf 84' lang='lat' dir='ltr'><strong>formidine</strong></span> <span class='ocrx_word' id='word_1_32' title='bbox 841 742 942 801; x_wconf 88' lang='lat' dir='ltr'><strong>divum</strong></span> 
     </span>
    </p>

    <p class='ocr_par' dir='ltr' id='par_1_7' title="bbox 241 832 1017 908">
     <span class='ocr_line' id='line_1_7' title="bbox 241 832 1017 908; baseline 0.001 -17"><span class='ocrx_word' id='word_1_33' title='bbox 241 832 428 904; x_wconf 88' lang='lat' dir='ltr'><strong>contrahitur,</strong></span> <span class='ocrx_word' id='word_1_34' title='bbox 444 834 492 891; x_wconf 92' lang='lat' dir='ltr'><strong>cui</strong></span> <span class='ocrx_word' id='word_1_35' title='bbox 505 851 567 891; x_wconf 92' lang='lat' dir='ltr'><strong>non</strong></span> <span class='ocrx_word' id='word_1_36' title='bbox 581 843 739 907; x_wconf 89' lang='lat' dir='ltr'><strong>correpunt</strong></span> <span class='ocrx_word' id='word_1_37' title='bbox 753 834 885 892; x_wconf 89' lang='lat' dir='ltr'><strong>membra</strong></span> <span class='ocrx_word' id='word_1_38' title='bbox 899 851 1017 908; x_wconf 90' lang='lat' dir='ltr'><strong>pavore,</strong></span> 
     </span>
    </p>

    <p class='ocr_par' dir='ltr' id='par_1_8' title="bbox 240 922 1148 998">
     <span class='ocr_line' id='line_1_8' title="bbox 240 922 1148 998; baseline 0 -17"><span class='ocrx_word' id='word_1_39' title='bbox 240 924 368 983; x_wconf 84' lang='lat' dir='ltr'><strong>fulminis</strong></span> <span class='ocrx_word' id='word_1_40' title='bbox 382 923 510 981; x_wconf 90' lang='lat' dir='ltr'><strong>horribili</strong></span> <span class='ocrx_word' id='word_1_41' title='bbox 523 942 593 981; x_wconf 90' lang='lat' dir='ltr'><strong>cum</strong></span> <span class='ocrx_word' id='word_1_42' title='bbox 606 924 691 998; x_wconf 85' lang='lat' dir='ltr'><strong>plaga</strong></span> <span class='ocrx_word' id='word_1_43' title='bbox 705 922 814 981; x_wconf 89' lang='lat' dir='ltr'><strong>torrida</strong></span> <span class='ocrx_word' id='word_1_44' title='bbox 829 923 912 981; x_wconf 90' lang='lat' dir='ltr'><strong>tellus</strong></span> <span class='ocrx_word' id='word_1_45' title='bbox 1085 943 1148 981; x_wconf 86' lang='lat'>1220</span> 
     </span>
    </p>

    <p class='ocr_par' dir='ltr' id='par_1_9' title="bbox 240 1013 1088 1088">
     <span class='ocr_line' id='line_1_9' title="bbox 240 1013 1088 1088; baseline 0.002 -17"><span class='ocrx_word' id='word_1_46' title='bbox 240 1014 394 1071; x_wconf 86' lang='lat' dir='ltr'><strong>contremit</strong></span> <span class='ocrx_word' id='word_1_47' title='bbox 409 1024 439 1072; x_wconf 92' lang='lat' dir='ltr'><strong>et</strong></span> <span class='ocrx_word' id='word_1_48' title='bbox 452 1032 592 1088; x_wconf 90' lang='lat' dir='ltr'><strong>magnum</strong></span> <span class='ocrx_word' id='word_1_49' title='bbox 607 1023 779 1088; x_wconf 90' lang='lat' dir='ltr'><strong>percurrunt</strong></span> <span class='ocrx_word' id='word_1_50' title='bbox 791 1032 939 1071; x_wconf 89' lang='lat' dir='ltr'><strong>murmura</strong></span> <span class='ocrx_word' id='word_1_51' title='bbox 953 1013 1088 1073; x_wconf 81' lang='lat' dir='ltr'><strong>caelum?</strong></span> 
     </span>
    </p>

    <p class='ocr_par' dir='ltr' id='par_1_10' title="bbox 239 1092 1096 1180">
     <span class='ocr_line' id='line_1_10' title="bbox 239 1092 1096 1180; baseline 0.001 -18"><span class='ocrx_word' id='word_1_52' title='bbox 239 1123 301 1162; x_wconf 91' lang='lat' dir='ltr'><strong>non</strong></span> <span class='ocrx_word' id='word_1_53' title='bbox 315 1104 416 1179; x_wconf 94' lang='lat' dir='ltr'><strong>populi</strong></span> <span class='ocrx_word' id='word_1_54' title='bbox 430 1114 592 1179; x_wconf 85' lang='lat' dir='ltr'><strong>gentesque</strong></span> <span class='ocrx_word' id='word_1_55' title='bbox 607 1114 744 1175; x_wconf 88' lang='lat' dir='ltr'><strong>tremunt,</strong></span> <span class='ocrx_word' id='word_1_56' title='bbox 758 1122 899 1180; x_wconf 88' lang='lat' dir='ltr'><strong>regesque</strong></span> <span class='ocrx_word' id='word_1_57' title='bbox 915 1105 1033 1180; x_wconf 89' lang='lat' dir='ltr'><strong>superbi</strong></span> <span class='ocrx_word' id='word_1_58' title='bbox 1087 1092 1096 1099; x_wconf 36' lang='lat'><em>³</em></span> 
     </span>
    </p>

    <p class='ocr_par' dir='ltr' id='par_1_11' title="bbox 239 1193 934 1270">
     <span class='ocr_line' id='line_1_11' title="bbox 239 1193 934 1270; baseline -0.001 -18"><span class='ocrx_word' id='word_1_59' title='bbox 239 1195 400 1270; x_wconf 91' lang='lat' dir='ltr'><strong>corripiunt</strong></span> <span class='ocrx_word' id='word_1_60' title='bbox 414 1193 514 1252; x_wconf 92' lang='lat' dir='ltr'><strong>divum</strong></span> <span class='ocrx_word' id='word_1_61' title='bbox 528 1194 660 1269; x_wconf 91' lang='lat' dir='ltr'><strong>percussi</strong></span> <span class='ocrx_word' id='word_1_62' title='bbox 674 1195 807 1252; x_wconf 90' lang='lat' dir='ltr'><strong>membra</strong></span> <span class='ocrx_word' id='word_1_63' title='bbox 821 1195 934 1267; x_wconf 91' lang='lat' dir='ltr'><strong>timore,</strong></span> 
     </span>
    </p>

    <p class='ocr_par' dir='ltr' id='par_1_12' title="bbox 239 1276 986 1360">
     <span class='ocr_line' id='line_1_12' title="bbox 239 1276 986 1360; baseline -0.001 -17"><span class='ocrx_word' id='word_1_64' title='bbox 239 1284 351 1359; x_wconf 91' lang='lat' dir='ltr'><strong>nequid</strong></span> <span class='ocrx_word' id='word_1_65' title='bbox 366 1285 405 1342; x_wconf 94' lang='lat' dir='ltr'><strong>ob</strong></span> <span class='ocrx_word' id='word_1_66' title='bbox 420 1284 579 1342; x_wconf 90' lang='lat' dir='ltr'><strong>admissum</strong></span> <span class='ocrx_word' id='word_1_67' title='bbox 594 1284 681 1342; x_wconf 79' lang='lat' dir='ltr'><strong>foede</strong></span> <span class='ocrx_word' id='word_1_68' title='bbox 697 1284 845 1342; x_wconf 88' lang='lat' dir='ltr'><strong>dictumve</strong></span> <span class='ocrx_word' id='word_1_69' title='bbox 861 1276 986 1360; x_wconf 86' lang='lat' dir='ltr'><strong>superbe</strong></span> 
     </span>
    </p>

    <p class='ocr_par' dir='ltr' id='par_1_13' title="bbox 239 1374 1146 1451">
     <span class='ocr_line' id='line_1_13' title="bbox 239 1374 1146 1451; baseline -0.003 -18"><span class='ocrx_word' id='word_1_70' title='bbox 239 1393 401 1451; x_wconf 90' lang='lat' dir='ltr'><strong>poenarum</strong></span> <span class='ocrx_word' id='word_1_71' title='bbox 415 1392 501 1449; x_wconf 88' lang='lat' dir='ltr'><strong>grave</strong></span> <span class='ocrx_word' id='word_1_72' title='bbox 515 1374 553 1432; x_wconf 92' lang='lat' dir='ltr'><strong>sit</strong></span> <span class='ocrx_word' id='word_1_73' title='bbox 566 1374 698 1432; x_wconf 89' lang='lat' dir='ltr'><strong>solvendi</strong></span> <span class='ocrx_word' id='word_1_74' title='bbox 713 1385 828 1449; x_wconf 92' lang='lat' dir='ltr'><strong>tempus</strong></span> <span class='ocrx_word' id='word_1_75' title='bbox 842 1374 995 1434; x_wconf 81' lang='lat' dir='ltr'><strong>adultum?</strong></span> <span class='ocrx_word' id='word_1_76' title='bbox 1085 1391 1146 1445; x_wconf 79' lang='lat'><em>1225</em></span> 
     </span>
    </p>

    <p class='ocr_par' dir='ltr' id='par_1_14' title="bbox 239 1464 977 1539">
     <span class='ocr_line' id='line_1_14' title="bbox 239 1464 977 1539; baseline 0 -17"><span class='ocrx_word' id='word_1_77' title='bbox 239 1483 355 1523; x_wconf 88' lang='lat' dir='ltr'><strong>summa</strong></span> <span class='ocrx_word' id='word_1_78' title='bbox 365 1464 453 1523; x_wconf 89' lang='lat' dir='ltr'><strong>etiam</strong></span> <span class='ocrx_word' id='word_1_79' title='bbox 467 1483 536 1522; x_wconf 91' lang='lat' dir='ltr'><strong>cum</strong></span> <span class='ocrx_word' id='word_1_80' title='bbox 549 1465 592 1522; x_wconf 90' lang='lat' dir='ltr'><strong>vis</strong></span> <span class='ocrx_word' id='word_1_81' title='bbox 605 1465 724 1522; x_wconf 90' lang='lat' dir='ltr'><strong>violenti</strong></span> <span class='ocrx_word' id='word_1_82' title='bbox 738 1483 791 1539; x_wconf 91' lang='lat' dir='ltr'><strong>per</strong></span> <span class='ocrx_word' id='word_1_83' title='bbox 804 1484 883 1523; x_wconf 91' lang='lat' dir='ltr'><strong>mare</strong></span> <span class='ocrx_word' id='word_1_84' title='bbox 898 1466 977 1523; x_wconf 91' lang='lat' dir='ltr'><strong>venti</strong></span> 
     </span>
    </p>

    <p class='ocr_par' dir='ltr' id='par_1_15' title="bbox 240 1554 932 1629">
     <span class='ocr_line' id='line_1_15' title="bbox 240 1554 932 1629; baseline -0.003 -16"><span class='ocrx_word' id='word_1_85' title='bbox 240 1555 477 1629; x_wconf 89' lang='lat' dir='ltr'><strong>induperatorem</strong></span> <span class='ocrx_word' id='word_1_86' title='bbox 491 1554 589 1612; x_wconf 91' lang='lat' dir='ltr'><strong>classis</strong></span> <span class='ocrx_word' id='word_1_87' title='bbox 603 1573 691 1629; x_wconf 93' lang='lat' dir='ltr'><strong>super</strong></span> <span class='ocrx_word' id='word_1_88' title='bbox 704 1573 833 1629; x_wconf 89' lang='lat' dir='ltr'><strong>aequora</strong></span> <span class='ocrx_word' id='word_1_89' title='bbox 847 1556 932 1612; x_wconf 88' lang='lat' dir='ltr'><strong>verrit</strong></span> 
     </span>
    </p>

    <p class='ocr_par' dir='ltr' id='par_1_16' title="bbox 240 1644 1010 1720">
     <span class='ocr_line' id='line_1_16' title="bbox 240 1644 1010 1720; baseline 0.001 -17"><span class='ocrx_word' id='word_1_90' title='bbox 240 1664 307 1703; x_wconf 88' lang='lat' dir='ltr'><strong>cum</strong></span> <span class='ocrx_word' id='word_1_91' title='bbox 323 1644 424 1703; x_wconf 89' lang='lat' dir='ltr'><strong>validis</strong></span> <span class='ocrx_word' id='word_1_92' title='bbox 439 1646 546 1720; x_wconf 91' lang='lat' dir='ltr'><strong>pariter</strong></span> <span class='ocrx_word' id='word_1_93' title='bbox 558 1646 721 1719; x_wconf 87' lang='lat' dir='ltr'><strong>legionibus</strong></span> <span class='ocrx_word' id='word_1_94' title='bbox 736 1656 824 1719; x_wconf 85' lang='lat' dir='ltr'><strong>atque</strong></span> <span class='ocrx_word' id='word_1_95' title='bbox 839 1645 1010 1720; x_wconf 91' lang='lat' dir='ltr'><strong>elephantis,</strong></span> 
     </span>
    </p>

    <p class='ocr_par' dir='ltr' id='par_1_17' title="bbox 240 1734 980 1810">
     <span class='ocr_line' id='line_1_17' title="bbox 240 1734 980 1810; baseline 0.001 -18"><span class='ocrx_word' id='word_1_96' title='bbox 240 1753 301 1793; x_wconf 91' lang='lat' dir='ltr'><strong>non</strong></span> <span class='ocrx_word' id='word_1_97' title='bbox 315 1734 415 1793; x_wconf 92' lang='lat' dir='ltr'><strong>divom</strong></span> <span class='ocrx_word' id='word_1_98' title='bbox 430 1754 536 1810; x_wconf 90' lang='lat' dir='ltr'><strong>pacem</strong></span> <span class='ocrx_word' id='word_1_99' title='bbox 550 1736 625 1793; x_wconf 88' lang='lat' dir='ltr'><strong>votis</strong></span> <span class='ocrx_word' id='word_1_100' title='bbox 639 1735 701 1793; x_wconf 92' lang='lat' dir='ltr'><strong>adit</strong></span> <span class='ocrx_word' id='word_1_101' title='bbox 715 1754 750 1792; x_wconf 89' lang='lat' dir='ltr'><strong>ac</strong></span> <span class='ocrx_word' id='word_1_102' title='bbox 764 1753 851 1810; x_wconf 91' lang='lat' dir='ltr'><strong>prece</strong></span> <span class='ocrx_word' id='word_1_103' title='bbox 866 1736 980 1809; x_wconf 86' lang='lat' dir='ltr'><strong>quaesit</strong></span> 
     </span>
    </p>

    <p class='ocr_par' dir='ltr' id='par_1_18' title="bbox 182 1824 1148 1901">
     <span class='ocr_line' id='line_1_18' title="bbox 182 1824 1148 1901; baseline -0.002 -18"><span class='ocrx_word' id='word_1_104' title='bbox 182 1884 186 1894; x_wconf 74' lang='grc'><strong>,</strong></span> <span class='ocrx_word' id='word_1_105' title='bbox 240 1836 393 1883; x_wconf 89' lang='lat' dir='ltr'><strong>ventorum</strong></span> <span class='ocrx_word' id='word_1_106' title='bbox 407 1825 529 1901; x_wconf 90' lang='lat' dir='ltr'><strong>pavidus</strong></span> <span class='ocrx_word' id='word_1_107' title='bbox 543 1844 632 1901; x_wconf 86' lang='lat' dir='ltr'><strong>paces</strong></span> <span class='ocrx_word' id='word_1_108' title='bbox 646 1826 816 1899; x_wconf 89' lang='lat' dir='ltr'><strong>animasque</strong></span> <span class='ocrx_word' id='word_1_109' title='bbox 832 1824 983 1897; x_wconf 88' lang='lat' dir='ltr'><strong>secundas,</strong></span> <span class='ocrx_word' id='word_1_110' title='bbox 1085 1844 1148 1896; x_wconf 85' lang='lat'><em>1230</em></span> 
     </span>
    </p>

    <p class='ocr_par' dir='ltr' id='par_1_19' title="bbox 240 1916 959 1991">
     <span class='ocr_line' id='line_1_19' title="bbox 240 1916 959 1991; baseline 0.001 -18"><span class='ocrx_word' id='word_1_111' title='bbox 240 1916 429 1990; x_wconf 89' lang='lat' dir='ltr'><strong>nequiquam,</strong></span> <span class='ocrx_word' id='word_1_112' title='bbox 445 1917 585 1990; x_wconf 91' lang='lat' dir='ltr'><strong>quoniam</strong></span> <span class='ocrx_word' id='word_1_113' title='bbox 598 1916 727 1973; x_wconf 88' lang='lat' dir='ltr'><strong>violento</strong></span> <span class='ocrx_word' id='word_1_114' title='bbox 742 1916 856 1973; x_wconf 90' lang='lat' dir='ltr'><strong>turbine</strong></span> <span class='ocrx_word' id='word_1_115' title='bbox 872 1934 959 1991; x_wconf 86' lang='lat' dir='ltr'><strong>saepe</strong></span> 
     </span>
    </p>

    <p class='ocr_par' dir='ltr' id='par_1_20' title="bbox 241 2005 905 2082">
     <span class='ocr_line' id='line_1_20' title="bbox 241 2005 905 2082; baseline 0 -18"><span class='ocrx_word' id='word_1_116' title='bbox 241 2017 392 2082; x_wconf 91' lang='lat' dir='ltr'><strong>correptus</strong></span> <span class='ocrx_word' id='word_1_117' title='bbox 406 2006 465 2065; x_wconf 92' lang='lat' dir='ltr'><strong>nilo</strong></span> <span class='ocrx_word' id='word_1_118' title='bbox 480 2007 569 2065; x_wconf 85' lang='lat' dir='ltr'><strong>fertur</strong></span> <span class='ocrx_word' id='word_1_119' title='bbox 584 2006 678 2064; x_wconf 91' lang='lat' dir='ltr'><strong>minus</strong></span> <span class='ocrx_word' id='word_1_120' title='bbox 693 2005 732 2064; x_wconf 90' lang='lat' dir='ltr'><strong>ad</strong></span> <span class='ocrx_word' id='word_1_121' title='bbox 747 2005 822 2063; x_wconf 90' lang='lat' dir='ltr'><strong>vada</strong></span> <span class='ocrx_word' id='word_1_122' title='bbox 835 2006 905 2064; x_wconf 84' lang='lat' dir='ltr'><strong>leti?</strong></span> 
     </span>
    </p>

    <p class='ocr_par' dir='ltr' id='par_1_21' title="bbox 241 2096 972 2172">
     <span class='ocr_line' id='line_1_21' title="bbox 241 2096 972 2172; baseline 0.001 -17"><span class='ocrx_word' id='word_1_123' title='bbox 241 2116 334 2172; x_wconf 91' lang='lat' dir='ltr'><strong>usque</strong></span> <span class='ocrx_word' id='word_1_124' title='bbox 349 2097 425 2156; x_wconf 91' lang='lat' dir='ltr'><strong>adeo</strong></span> <span class='ocrx_word' id='word_1_125' title='bbox 440 2116 486 2155; x_wconf 91' lang='lat' dir='ltr'><strong>res</strong></span> <span class='ocrx_word' id='word_1_126' title='bbox 500 2098 642 2155; x_wconf 88' lang='lat' dir='ltr'><strong>humanas</strong></span> <span class='ocrx_word' id='word_1_127' title='bbox 656 2097 697 2155; x_wconf 91' lang='lat' dir='ltr'><strong>vis</strong></span> <span class='ocrx_word' id='word_1_128' title='bbox 712 2096 812 2155; x_wconf 89' lang='lat' dir='ltr'><strong>abdita</strong></span> <span class='ocrx_word' id='word_1_129' title='bbox 826 2096 972 2171; x_wconf 89' lang='lat' dir='ltr'><strong>quaedam</strong></span> 
     </span>
    </p>

    <p class='ocr_par' dir='ltr' id='par_1_22' title="bbox 241 2188 946 2264">
     <span class='ocr_line' id='line_1_22' title="bbox 241 2188 946 2264; baseline 0 -18"><span class='ocrx_word' id='word_1_130' title='bbox 241 2189 348 2264; x_wconf 91' lang='lat' dir='ltr'><strong>opterit</strong></span> <span class='ocrx_word' id='word_1_131' title='bbox 362 2197 392 2246; x_wconf 92' lang='lat' dir='ltr'><strong>et</strong></span> <span class='ocrx_word' id='word_1_132' title='bbox 406 2188 542 2263; x_wconf 91' lang='lat' dir='ltr'><strong>pulchros</strong></span> <span class='ocrx_word' id='word_1_133' title='bbox 557 2188 641 2246; x_wconf 84' lang='lat' dir='ltr'><strong>fascis</strong></span> <span class='ocrx_word' id='word_1_134' title='bbox 656 2206 814 2262; x_wconf 90' lang='lat' dir='ltr'><strong>saevasque</strong></span> <span class='ocrx_word' id='word_1_135' title='bbox 830 2206 946 2247; x_wconf 89' lang='lat' dir='ltr'><strong>secures</strong></span> 
     </span>
    </p>

    <p class='ocr_par' dir='ltr' id='par_1_23' title="bbox 241 2278 1146 2353">
     <span class='ocr_line' id='line_1_23' title="bbox 241 2278 1146 2353; baseline -0.001 -17"><span class='ocrx_word' id='word_1_136' title='bbox 241 2279 410 2353; x_wconf 90' lang='lat' dir='ltr'><strong>proculcare</strong></span> <span class='ocrx_word' id='word_1_137' title='bbox 425 2298 460 2335; x_wconf 89' lang='lat' dir='ltr'><strong>ac</strong></span> <span class='ocrx_word' id='word_1_138' title='bbox 474 2278 599 2337; x_wconf 91' lang='lat' dir='ltr'><strong>ludibrio</strong></span> <span class='ocrx_word' id='word_1_139' title='bbox 613 2279 668 2336; x_wconf 90' lang='lat' dir='ltr'><strong>sibi</strong></span> <span class='ocrx_word' id='word_1_140' title='bbox 683 2279 789 2336; x_wconf 89' lang='lat' dir='ltr'><strong>habere</strong></span> <span class='ocrx_word' id='word_1_141' title='bbox 804 2278 925 2337; x_wconf 88' lang='lat' dir='ltr'><strong>videtur.</strong></span> <span class='ocrx_word' id='word_1_142' title='bbox 1085 2297 1146 2350; x_wconf 80' lang='lat'><em>¹235</em></span> 
     </span>
    </p>

    <p class='ocr_par' dir='ltr' id='par_1_24' title="bbox 242 2368 962 2444">
     <span class='ocr_line' id='line_1_24' title="bbox 242 2368 962 2444; baseline 0 -17"><span class='ocrx_word' id='word_1_143' title='bbox 242 2369 369 2444; x_wconf 90' lang='lat' dir='ltr'><strong>denique</strong></span> <span class='ocrx_word' id='word_1_144' title='bbox 384 2370 438 2427; x_wconf 91' lang='lat' dir='ltr'><strong>sub</strong></span> <span class='ocrx_word' id='word_1_145' title='bbox 452 2368 577 2444; x_wconf 91' lang='lat' dir='ltr'><strong>pedibus</strong></span> <span class='ocrx_word' id='word_1_146' title='bbox 592 2368 675 2427; x_wconf 90' lang='lat' dir='ltr'><strong>tellus</strong></span> <span class='ocrx_word' id='word_1_147' title='bbox 689 2387 757 2426; x_wconf 90' lang='lat' dir='ltr'><strong>cum</strong></span> <span class='ocrx_word' id='word_1_148' title='bbox 773 2378 835 2426; x_wconf 88' lang='lat' dir='ltr'><strong>tota</strong></span> <span class='ocrx_word' id='word_1_149' title='bbox 848 2369 962 2427; x_wconf 89' lang='lat' dir='ltr'><strong>vacillat</strong></span> 
     </span>
    </p>

    <p class='ocr_par' dir='ltr' id='par_1_25' title="bbox 242 2458 1038 2535">
     <span class='ocr_line' id='line_1_25' title="bbox 242 2458 1038 2535; baseline 0.001 -18"><span class='ocrx_word' id='word_1_150' title='bbox 242 2478 463 2535; x_wconf 89' lang='lat' dir='ltr'><strong>concussaeque</strong></span> <span class='ocrx_word' id='word_1_151' title='bbox 478 2458 588 2516; x_wconf 90' lang='lat' dir='ltr'><strong>cadunt</strong></span> <span class='ocrx_word' id='word_1_152' title='bbox 601 2460 687 2517; x_wconf 91' lang='lat' dir='ltr'><strong>urbes</strong></span> <span class='ocrx_word' id='word_1_153' title='bbox 702 2458 868 2535; x_wconf 88' lang='lat' dir='ltr'><strong>dubiaeque</strong></span> <span class='ocrx_word' id='word_1_154' title='bbox 885 2460 1038 2532; x_wconf 86' lang='lat' dir='ltr'><strong>minantur,</strong></span> 
     </span>
    </p>

    <p class='ocr_par' dir='ltr' id='par_1_26' title="bbox 242 2549 919 2624">
     <span class='ocr_line' id='line_1_26' title="bbox 242 2549 919 2624; baseline -0.001 -16"><span class='ocrx_word' id='word_1_155' title='bbox 242 2549 314 2624; x_wconf 91' lang='lat' dir='ltr'><strong>quid</strong></span> <span class='ocrx_word' id='word_1_156' title='bbox 328 2552 433 2607; x_wconf 89' lang='lat' dir='ltr'><strong>mirum</strong></span> <span class='ocrx_word' id='word_1_157' title='bbox 448 2550 471 2607; x_wconf 92' lang='lat' dir='ltr'><strong>si</strong></span> <span class='ocrx_word' id='word_1_158' title='bbox 485 2568 516 2606; x_wconf 92' lang='lat' dir='ltr'><strong>se</strong></span> <span class='ocrx_word' id='word_1_159' title='bbox 531 2559 665 2607; x_wconf 91' lang='lat' dir='ltr'><strong>temnunt</strong></span> <span class='ocrx_word' id='word_1_160' title='bbox 678 2550 810 2608; x_wconf 85' lang='lat' dir='ltr'><strong>mortalia</strong></span> <span class='ocrx_word' id='word_1_161' title='bbox 824 2551 919 2608; x_wconf 87' lang='lat' dir='ltr'><strong>saecla</strong></span> 
     </span>
    </p>

    <p class='ocr_par' dir='ltr' id='par_1_27' title="bbox 242 2641 948 2716">
     <span class='ocr_line' id='line_1_27' title="bbox 242 2641 948 2716; baseline 0 -18"><span class='ocrx_word' id='word_1_162' title='bbox 242 2650 330 2715; x_wconf 89' lang='lat' dir='ltr'><strong>atque</strong></span> <span class='ocrx_word' id='word_1_163' title='bbox 344 2641 494 2715; x_wconf 86' lang='lat' dir='ltr'><strong>potestatis</strong></span> <span class='ocrx_word' id='word_1_164' title='bbox 508 2659 628 2714; x_wconf 88' lang='lat' dir='ltr'><strong>magnas</strong></span> <span class='ocrx_word' id='word_1_165' title='bbox 642 2641 787 2716; x_wconf 88' lang='lat' dir='ltr'><strong>mirasque</strong></span> <span class='ocrx_word' id='word_1_166' title='bbox 801 2641 948 2716; x_wconf 90' lang='lat' dir='ltr'><strong>relinqunt</strong></span> 
     </span>
    </p>

    <p class='ocr_par' dir='ltr' id='par_1_28' title="bbox 242 2729 1148 2897">
     <span class='ocr_line' id='line_1_28' title="bbox 242 2729 1147 2806; baseline 0 -18"><span class='ocrx_word' id='word_1_167' title='bbox 242 2731 273 2788; x_wconf 94' lang='lat' dir='ltr'><strong>in</strong></span> <span class='ocrx_word' id='word_1_168' title='bbox 286 2732 372 2789; x_wconf 91' lang='lat' dir='ltr'><strong>rebus</strong></span> <span class='ocrx_word' id='word_1_169' title='bbox 386 2731 451 2788; x_wconf 92' lang='lat' dir='ltr'><strong>viris</strong></span> <span class='ocrx_word' id='word_1_170' title='bbox 467 2729 575 2802; x_wconf 87' lang='lat' dir='ltr'><strong>divum,</strong></span> <span class='ocrx_word' id='word_1_171' title='bbox 590 2748 666 2804; x_wconf 89' lang='lat' dir='ltr'><strong>quae</strong></span> <span class='ocrx_word' id='word_1_172' title='bbox 681 2740 790 2788; x_wconf 90' lang='lat' dir='ltr'><strong>cuncta</strong></span> <span class='ocrx_word' id='word_1_173' title='bbox 799 2732 983 2806; x_wconf 85' lang='lat' dir='ltr'><strong>gubernent?</strong></span> <span class='ocrx_word' id='word_1_174' title='bbox 1084 2752 1147 2800; x_wconf 80' lang='lat'>1240</span> 
     </span>
     <span class='ocr_line' id='line_1_29' title="bbox 284 2819 1148 2897; baseline 0.003 -20"><span class='ocrx_word' id='word_1_175' title='bbox 284 2819 374 2894; x_wconf 89' lang='lat' dir='ltr'><strong>Quod</strong></span> <span class='ocrx_word' id='word_1_176' title='bbox 384 2829 524 2894; x_wconf 90' lang='lat' dir='ltr'><strong>superest,</strong></span> <span class='ocrx_word' id='word_1_177' title='bbox 532 2838 582 2877; x_wconf 87' lang='lat' dir='ltr'><strong>aes</strong></span> <span class='ocrx_word' id='word_1_178' title='bbox 593 2831 680 2894; x_wconf 90' lang='lat' dir='ltr'><strong>atque</strong></span> <span class='ocrx_word' id='word_1_179' title='bbox 687 2839 789 2878; x_wconf 89' lang='lat' dir='ltr'><strong>aurum</strong></span> <span class='ocrx_word' id='word_1_180' title='bbox 799 2823 964 2896; x_wconf 84' lang='lat' dir='ltr'><strong>ferrumque</strong></span> <span class='ocrx_word' id='word_1_181' title='bbox 975 2831 1148 2897; x_wconf 89' lang='lat' dir='ltr'><strong>repertumst</strong></span> 
     </span>
    </p>

    <p class='ocr_par' dir='ltr' id='par_1_29' title="bbox 242 2909 962 2987">
     <span class='ocr_line' id='line_1_30' title="bbox 242 2909 962 2987; baseline 0.001 -18"><span class='ocrx_word' id='word_1_182' title='bbox 242 2920 273 2969; x_wconf 91' lang='lat' dir='ltr'><strong>et</strong></span> <span class='ocrx_word' id='word_1_183' title='bbox 286 2910 370 2969; x_wconf 91' lang='lat' dir='ltr'><strong>simul</strong></span> <span class='ocrx_word' id='word_1_184' title='bbox 383 2911 494 2985; x_wconf 90' lang='lat' dir='ltr'><strong>argenti</strong></span> <span class='ocrx_word' id='word_1_185' title='bbox 508 2909 625 2984; x_wconf 91' lang='lat' dir='ltr'><strong>pondus</strong></span> <span class='ocrx_word' id='word_1_186' title='bbox 639 2911 810 2987; x_wconf 91' lang='lat' dir='ltr'><strong>plumbique</strong></span> <span class='ocrx_word' id='word_1_187' title='bbox 824 2922 962 2987; x_wconf 81' lang='lat' dir='ltr'><strong>potestaS,</strong></span> 
     </span>
    </p>

    <p class='ocr_par' dir='ltr' id='par_1_30' title="bbox 242 3001 891 3078">
     <span class='ocr_line' id='line_1_31' title="bbox 242 3001 891 3078; baseline 0 -19"><span class='ocrx_word' id='word_1_188' title='bbox 242 3002 317 3078; x_wconf 91' lang='lat' dir='ltr'><strong>ignis</strong></span> <span class='ocrx_word' id='word_1_189' title='bbox 331 3001 381 3059; x_wconf 93' lang='lat' dir='ltr'><strong>ubi</strong></span> <span class='ocrx_word' id='word_1_190' title='bbox 395 3001 520 3076; x_wconf 90' lang='lat' dir='ltr'><strong>ingentis</strong></span> <span class='ocrx_word' id='word_1_191' title='bbox 534 3001 618 3059; x_wconf 90' lang='lat' dir='ltr'><strong>silvas</strong></span> <span class='ocrx_word' id='word_1_192' title='bbox 631 3001 735 3060; x_wconf 90' lang='lat' dir='ltr'><strong>ardore</strong></span> <span class='ocrx_word' id='word_1_193' title='bbox 750 3012 891 3060; x_wconf 90' lang='lat' dir='ltr'><strong>cremarat</strong></span> 
     </span>
    </p>

    <p class='ocr_par' dir='ltr' id='par_1_31' title="bbox 242 3092 973 3166">
     <span class='ocr_line' id='line_1_32' title="bbox 242 3092 973 3166; baseline 0.001 -16"><span class='ocrx_word' id='word_1_194' title='bbox 242 3093 391 3151; x_wconf 90' lang='lat' dir='ltr'><strong>montibus</strong></span> <span class='ocrx_word' id='word_1_195' title='bbox 406 3092 436 3148; x_wconf 92' lang='lat' dir='ltr'><strong>in</strong></span> <span class='ocrx_word' id='word_1_196' title='bbox 450 3094 572 3166; x_wconf 87' lang='lat' dir='ltr'><strong>magnis,</strong></span> <span class='ocrx_word' id='word_1_197' title='bbox 588 3110 639 3150; x_wconf 90' lang='lat' dir='ltr'><strong>seu</strong></span> <span class='ocrx_word' id='word_1_198' title='bbox 654 3092 727 3150; x_wconf 88' lang='lat' dir='ltr'><strong>caeli</strong></span> <span class='ocrx_word' id='word_1_199' title='bbox 741 3093 861 3151; x_wconf 88' lang='lat' dir='ltr'><strong>fulmine</strong></span> <span class='ocrx_word' id='word_1_200' title='bbox 876 3095 973 3164; x_wconf 90' lang='lat' dir='ltr'><strong>misso,</strong></span> 
     </span>
    </p>

    <p class='ocr_par' dir='ltr' id='par_1_32' title="bbox 242 3182 1146 3259">
     <span class='ocr_line' id='line_1_33' title="bbox 242 3182 1146 3259; baseline -0.002 -17"><span class='ocrx_word' id='word_1_201' title='bbox 242 3184 303 3242; x_wconf 91' lang='lat' dir='ltr'><strong>sive</strong></span> <span class='ocrx_word' id='word_1_202' title='bbox 317 3182 398 3257; x_wconf 92' lang='lat' dir='ltr'><strong>quod</strong></span> <span class='ocrx_word' id='word_1_203' title='bbox 413 3184 488 3240; x_wconf 89' lang='lat' dir='ltr'><strong>inter</strong></span> <span class='ocrx_word' id='word_1_204' title='bbox 501 3200 533 3241; x_wconf 90' lang='lat' dir='ltr'><strong>se</strong></span> <span class='ocrx_word' id='word_1_205' title='bbox 547 3183 656 3241; x_wconf 85' lang='lat' dir='ltr'><strong>bellurn</strong></span> <span class='ocrx_word' id='word_1_206' title='bbox 670 3183 797 3240; x_wconf 91' lang='lat' dir='ltr'><strong>silvestre</strong></span> <span class='ocrx_word' id='word_1_207' title='bbox 811 3193 945 3259; x_wconf 90' lang='lat' dir='ltr'><strong>gerentes</strong></span> <span class='ocrx_word' id='word_1_208' title='bbox 1085 3201 1146 3254; x_wconf 82' lang='lat'>1245</span> 
     </span>
    </p>

    <p class='ocr_par' dir='ltr' id='par_1_33' title="bbox 242 3273 923 3350">
     <span class='ocr_line' id='line_1_34' title="bbox 242 3273 923 3350; baseline 0.001 -19"><span class='ocrx_word' id='word_1_209' title='bbox 242 3273 374 3332; x_wconf 88' lang='lat' dir='ltr'><strong>hostibus</strong></span> <span class='ocrx_word' id='word_1_210' title='bbox 389 3274 543 3331; x_wconf 87' lang='lat' dir='ltr'><strong>intulerant</strong></span> <span class='ocrx_word' id='word_1_211' title='bbox 556 3276 654 3348; x_wconf 87' lang='lat' dir='ltr'><strong>ignem</strong></span> <span class='ocrx_word' id='word_1_212' title='bbox 669 3273 830 3332; x_wconf 83' lang='lat' dir='ltr'><strong>formidinis</strong></span> <span class='ocrx_word' id='word_1_213' title='bbox 845 3292 923 3350; x_wconf 86' lang='lat' dir='ltr'><strong>erg0,</strong></span> 
     </span>
    </p>

    <p class='ocr_par' dir='ltr' id='par_1_34' title="bbox 243 3363 927 3439">
     <span class='ocr_line' id='line_1_35' title="bbox 243 3363 927 3439; baseline -0.001 -17"><span class='ocrx_word' id='word_1_214' title='bbox 243 3365 303 3422; x_wconf 92' lang='lat' dir='ltr'><strong>sive</strong></span> <span class='ocrx_word' id='word_1_215' title='bbox 317 3363 399 3439; x_wconf 93' lang='lat' dir='ltr'><strong>quod</strong></span> <span class='ocrx_word' id='word_1_216' title='bbox 413 3363 526 3421; x_wconf 89' lang='lat' dir='ltr'><strong>inducti</strong></span> <span class='ocrx_word' id='word_1_217' title='bbox 540 3373 632 3420; x_wconf 89' lang='lat' dir='ltr'><strong>terrae</strong></span> <span class='ocrx_word' id='word_1_218' title='bbox 647 3364 776 3421; x_wconf 90' lang='lat' dir='ltr'><strong>bonitate</strong></span> <span class='ocrx_word' id='word_1_219' title='bbox 790 3365 927 3422; x_wconf 88' lang='lat' dir='ltr'><strong>volebant</strong></span> 
     </span>
    </p>

    <p class='ocr_par' dir='ltr' id='par_1_35' title="bbox 243 3453 992 3530">
     <span class='ocr_line' id='line_1_36' title="bbox 243 3453 992 3530; baseline 0.001 -18"><span class='ocrx_word' id='word_1_220' title='bbox 243 3454 374 3530; x_wconf 86' lang='lat' dir='ltr'><strong>pandere</strong></span> <span class='ocrx_word' id='word_1_221' title='bbox 388 3472 472 3529; x_wconf 85' lang='lat' dir='ltr'><strong>agros</strong></span> <span class='ocrx_word' id='word_1_222' title='bbox 486 3453 601 3528; x_wconf 89' lang='lat' dir='ltr'><strong>pinguis</strong></span> <span class='ocrx_word' id='word_1_223' title='bbox 615 3462 646 3510; x_wconf 91' lang='lat' dir='ltr'><strong>et</strong></span> <span class='ocrx_word' id='word_1_224' title='bbox 659 3470 768 3527; x_wconf 89' lang='lat' dir='ltr'><strong>pascua</strong></span> <span class='ocrx_word' id='word_1_225' title='bbox 780 3453 904 3512; x_wconf 91' lang='lat' dir='ltr'><strong>reddere</strong></span> <span class='ocrx_word' id='word_1_226' title='bbox 918 3473 992 3526; x_wconf 86' lang='lat' dir='ltr'><strong>rura,</strong></span> 
     </span>
    </p>
   </div>
   <div class='ocr_carea' id='block_1_3' title="bbox 0 0 1402 4025">
    <p class='ocr_par' dir='ltr' id='par_1_36' title="bbox 0 0 1402 4025">
     <span class='ocr_line' id='line_1_37' title="bbox 0 0 1402 4025; baseline 0 0"><span class='ocrx_word' id='word_1_227' title='bbox 0 0 1402 4025; x_wconf 95' lang='lat' dir='ltr'><strong> </strong></span> 
     </span>
    </p>
   </div>
   <div class='ocr_carea' id='block_1_4' title="bbox 1393 250 1397 802">
    <p class='ocr_par' dir='ltr' id='par_1_37' title="bbox 1393 250 1397 802">
     <span class='ocr_line' id='line_1_38' title="bbox 1393 250 1397 802; baseline 0 0"><span class='ocrx_word' id='word_1_228' title='bbox 1393 250 1397 802; x_wconf 95' lang='lat' dir='ltr'><strong> </strong></span> 
     </span>
    </p>
   </div>
   <div class='ocr_carea' id='block_1_5' title="bbox 1393 250 1397 802">
    <p class='ocr_par' dir='ltr' id='par_1_38' title="bbox 1393 250 1397 802">
     <span class='ocr_line' id='line_1_39' title="bbox 1393 250 1397 802; baseline 0 0"><span class='ocrx_word' id='word_1_229' title='bbox 1393 250 1397 802; x_wconf 95' lang='lat' dir='ltr'><strong> </strong></span> 
     </span>
    </p>
   </div>
   <div class='ocr_carea' id='block_1_6' title="bbox 1393 250 1397 802">
    <p class='ocr_par' dir='ltr' id='par_1_39' title="bbox 1393 250 1397 802">
     <span class='ocr_line' id='line_1_40' title="bbox 1393 250 1397 802; baseline 0 0"><span class='ocrx_word' id='word_1_230' title='bbox 1393 250 1397 802; x_wconf 95' lang='lat' dir='ltr'><strong> </strong></span> 
     </span>
    </p>
   </div>
   <div class='ocr_carea' id='block_1_7' title="bbox 1393 250 1397 802">
    <p class='ocr_par' dir='ltr' id='par_1_40' title="bbox 1393 250 1397 802">
     <span class='ocr_line' id='line_1_41' title="bbox 1393 250 1397 802; baseline 0 0"><span class='ocrx_word' id='word_1_231' title='bbox 1393 250 1397 802; x_wconf 95' lang='lat' dir='ltr'><strong> </strong></span> 
     </span>
    </p>
   </div>
   <div class='ocr_carea' id='block_1_8' title="bbox 1393 263 1398 802">
    <p class='ocr_par' dir='ltr' id='par_1_41' title="bbox 1393 263 1398 802">
     <span class='ocr_line' id='line_1_42' title="bbox 1393 263 1398 802; baseline 0 0"><span class='ocrx_word' id='word_1_232' title='bbox 1393 263 1398 802; x_wconf 95' lang='lat' dir='ltr'><strong> </strong></span> 
     </span>
    </p>
   </div>
  </div>
 </body>
</html>
