2792 4025
282 281 326 346 42
607 281 852 335 ·LUCRET1US
1129 279 1186 350 [11.

283 442 371 518 copia
385 442 520 518 conquiri
533 441 632 515 debet,
647 442 765 500 concita
777 459 831 517 per
843 451 921 500 artus

283 534 379 593 omnis
393 542 425 591 ut
439 532 567 592 studium
582 533 688 592 mentis
703 533 809 590 conixa
822 541 977 608 sequatur;

282 632 315 681 ut
328 621 429 682 videas
442 624 546 681 initum
560 632 657 682 motus
671 641 689 680 a
703 621 794 680 corde
808 623 900 680 creari

283 731 320 772 ex
335 715 483 790 animique
496 714 644 772 voluntate
659 712 689 770 id
704 711 865 788 procedere
880 713 1016 788 primum,
1139 733 1187 780 270

282 803 352 862 inde
367 803 429 862 dari
444 823 531 879 porro
545 822 598 879 per
610 813 705 861 totum
720 821 826 878 corpus
840 812 870 860 et
882 812 969 862 artus.

282 913 339 952 nec
354 895 474 953 similest
488 904 519 953 ut
534 913 602 952 cum
617 894 734 969 impulsi
748 893 936 969 procedimus
950 895 1009 952 ictu

275 985 388 1044 'viribus
402 986 517 1044 alterius
531 986 644 1061 magnis
658 1003 825 1060 magnoque
840 994 965 1057 coactu;

283 1095 351 1132 nam
366 1085 428 1133 turn
442 1077 592 1134 materiem
607 1076 695 1134 totius
710 1075 840 1150 corporis
855 1093 975 1133 omnem

282 1169 495 1243 perspicuumst
509 1168 594 1227 nobis
621 1168 717 1226 invitis
732 1168 773 1225 ire
787 1168 917 1243 rapique,
1140 1187 1185 1239 ²75

282 1258 379 1317 donec
394 1277 459 1317 eam
473 1245 626 1316 refrenavit
639 1275 693 1332 per
707 1259 838 1316 membra
851 1259 993 1316 voluntas.

281 1349 378 1407 iamne
392 1348 474 1406 vides
488 1349 581 1425 igitur,
596 1366 776 1424 quamquam
790 1349 833 1406 vis
847 1358 946 1406 extera
960 1348 1066 1407 multos

281 1440 369 1513 pellat
384 1449 414 1496 et
428 1439 533 1498 invitos
547 1449 634 1515 cogat
648 1438 810 1513 procedere
825 1457 914 1514 saepe

271 1530 513 1604 praecipitesque
527 1530 599 1604 rapi,
613 1539 715 1589 tamen
729 1547 793 1588 esse
808 1530 838 1586 in
851 1539 972 1604 pectore
986 1540 1087 1588 nostro

281 1618 423 1695 quiddam
437 1618 519 1695 quod
534 1629 636 1678 contra
650 1638 780 1695 pugnare
794 1620 969 1695 obstareque
983 1621 1096 1696 possit?
1138 1628 1185 1678 280

281 1710 364 1766 cuius
379 1708 417 1767 ad
432 1709 579 1768 arbitrium
595 1727 714 1785 quoque
730 1710 817 1785 copia
830 1711 961 1768 materiai

280 1799 394 1874 cogitur
407 1799 553 1857 interdum
567 1800 645 1858 flecti
659 1818 712 1875 per
725 1801 857 1859 membra
869 1819 922 1875 per
935 1811 1013 1859 artus

280 1899 310 1946 et
324 1890 454 1964 proiecta
466 1890 625 1948 refrenatur
637 1900 773 1965 retroque
787 1890 896 1949 residit.

279 1998 370 2056 quare
384 1980 415 2038 in
429 1981 586 2039 seminibus
601 1998 720 2057 quoque
734 1980 815 2040 idem
828 1982 935 2040 fateare
949 1990 1105 2054 necessest,

280 2089 344 2129 esse
358 2072 444 2129 aliam
458 2082 573 2146 praeter
585 2072 684 2147 plagas
699 2082 728 2130 et
742 2070 875 2147 pondera
887 2092 1007 2131 causam
1138 2082 1183 2145 285

279 2162 416 2233 motibus,
431 2161 510 2220 unde
525 2162 598 2220 haec
612 2171 656 2221 est
670 2164 756 2221 nobis
770 2163 871 2221 innata
884 2174 1022 2238 potestas,

280 2252 318 2310 de
333 2253 392 2310 nilo
407 2253 546 2328 quoniam
560 2253 622 2311 fieri
636 2253 677 2310 nil
690 2271 778 2327 posse
791 2252 935 2312 videmus.

279 2342 396 2418 pondus
411 2343 489 2401 euim
503 2344 640 2418 prohibet
654 2362 692 2401 ne
706 2343 799 2419 plagis
814 2344 913 2401 omnia
927 2344 998 2401 fiant

279 2443 399 2491 externa
413 2433 495 2509 quasi
509 2434 537 2490 vi
548 2454 557 2506 ;
579 2431 684 2491 sedne
699 2452 783 2492 mens
797 2434 861 2509 ipsa
874 2453 1029 2493 necessum
1107 2479 1110 2485 .

279 2524 448 2582 intestinum
462 2523 568 2582 habeat
582 2524 695 2582 cunctis
709 2525 740 2581 in
753 2525 840 2582 rebus
854 2524 975 2599 agendis
1138 2547 1185 2599 ²90

279 2624 308 2671 et
322 2613 439 2671 devicta
452 2614 534 2689 quasi
549 2614 606 2672 hoc
620 2623 743 2689 cogatur
756 2614 830 2671 ferre
843 2614 973 2690 patique,

278 2703 309 2762 id
323 2702 393 2762 facit
406 2704 543 2780 exiguum
556 2704 703 2762 clinamen
716 2704 923 2780 principiorum

278 2813 334 2853 nec
349 2795 469 2870 regione
483 2794 541 2853 loci
556 2804 636 2853 certa
649 2812 706 2852 nec
721 2804 854 2870 tempore
869 2807 959 2855 certo.

320 2886 386 2943 Nec
400 2885 504 2960 stipata
517 2885 609 2960 magis
623 2885 676 2943 suit
690 2903 831 2960 umquam
845 2887 976 2944 materiai

278 2976 366 3050 copia
379 2992 436 3033 nec
450 2994 537 3050 porro
552 2976 709 3034 maioribus
723 2976 898 3049 intervallis;
1137 2996 1183 3051 ²95

278 3083 346 3122 nam
361 3083 459 3140 neque
473 3064 642 3141 adaugescit
655 3066 813 3140 quicquam
828 3074 929 3141 neque'
939 3066 1054 3141 deperit
1067 3067 1148 3128 inde.

278 3165 457 3230 quapropter
469 3173 530 3231 quo
544 3174 624 3214 nunc
638 3156 667 3214 in
682 3166 766 3213 motu
779 3156 989 3231 principiorum

278 3263 402 3321 corpora
415 3254 492 3317 sunt,
506 3246 536 3303 in
551 3245 658 3303 eodem
673 3256 741 3303 ante
755 3256 821 3303 acta
834 3255 928 3309 aetate
943 3247 1022 3306 suere

278 3345 308 3394 et
322 3345 389 3411 post
403 3336 477 3394 haec
492 3355 609 3410 semper
622 3336 707 3394 simili
721 3335 833 3393 ratione
847 3337 983 3411 serentur,

278 3436 309 3484 et
322 3445 397 3502 quae
413 3427 580 3485 consuerint
594 3426 673 3502 gigni
686 3427 841 3501 gignentur
854 3426 959 3485 eadem
1134 3451 1184 3502 300

279 3517 456 3576 condicione
471 3526 500 3575 et
514 3526 599 3575 eruut
613 3527 643 3575 et
656 3526 790 3575 crescent
804 3517 890 3592 vique
905 3518 1050 3591 valebunt,
