2792 4025
220 266 274 337 ΙΙ.]
457 267 512 320 DE
538 268 685 320 RERUM
713 266 885 320 NATURA
1080 254 1123 335 67

216 428 406 504 nequiquam,
420 428 558 505 quoniam
573 447 630 487 nec
643 446 735 487 venae
750 428 952 504 perpetiuntur

113 598 120 606 ι
217 519 299 594 quod
313 523 380 579 satis
394 531 438 579 est
452 539 548 596 neque
563 530 704 596 quantum
715 538 790 594 opus
801 530 845 578 est
855 529 958 579 natura
968 521 1122 582 ministrat.

215 610 276 670 iure
291 611 377 687 igitur
389 622 521 688 pereunt,
536 631 605 669 cum
621 613 760 669 rarefacta
774 610 894 670 fluendo

216 711 282 758 sunt
297 712 407 760 etcum
422 703 546 760 externis
561 703 757 760 succumbunt
769 702 870 760 omnia
883 703 984 778 plagis,

215 791 457 867 quandoquidem
471 791 572 868 grandi
587 793 669 851 cibus
684 810 757 850 aevo
773 792 901 868 denique
916 793 988 851 defit
1055 812 1116 866 1145

214 900 271 940 nec
285 882 439 941 tuditantia
452 902 514 940 rem
528 893 643 940 cessant
657 883 836 942 extrinsecus
850 885 937 942 ullam

214 990 339 1048 corpora
352 974 497 1032 conficere
512 984 542 1032 et
555 973 647 1048 plagis
660 973 765 1031 infesta
779 973 909 1032 domare.

214 1062 256 1121 sic
270 1063 355 1138 igitur
368 1063 466 1138 magni
480 1081 599 1138 quoque
614 1063 725 1121 circum
740 1065 857 1122 moenia
870 1063 975 1123 mundi

214 1163 380 1229 expugnata
393 1153 505 1212 dabunt
518 1154 614 1212 labem
629 1155 779 1228 putrisque
793 1155 900 1213 ruinas.

213 1243 329 1319 iamque
344 1245 420 1303 adeo
434 1245 524 1302 fracta
538 1254 582 1303 est
595 1255 675 1302 aetas
689 1244 833 1319 effetaque
848 1245 932 1304 tellus

212 1334 261 1392 vix
274 1334 409 1393 animalia
421 1353 510 1410 parva
524 1344 604 1393 creat
617 1353 692 1410 quae
706 1345 815 1393 cuncta
827 1336 936 1393 creavit

213 1425 308 1483 saecla
322 1425 462 1500 deditque
476 1426 600 1484 ferarum
615 1427 745 1502 ingentia
758 1443 883 1501 corpora
896 1435 989 1501 partu.

212 1514 301 1588 haud,
315 1525 348 1573 ut
361 1516 475 1591 opinor,
490 1518 569 1574 enim
584 1517 717 1575 mortalia
731 1516 829 1574 saecla
841 1534 966 1592 superne

189 1665 191 1670 ,
211 1623 300 1664 aurea
313 1604 352 1665 de
366 1605 449 1664 caelo
465 1605 581 1664 demisit
595 1607 670 1665 funis
684 1607 715 1664 in
728 1625 798 1664 arva

210 1713 268 1754 nec
281 1715 361 1755 mare
376 1715 433 1755 nec
447 1697 552 1756 fluctus
566 1697 730 1773 plangentis
744 1715 814 1756 saxa
825 1708 969 1769 crearunt,

211 1786 265 1845 sed
278 1787 379 1862 genuit
394 1787 477 1846 tellus
491 1787 597 1846 eadem
612 1806 688 1863 quae
703 1807 782 1847 nunc
796 1788 846 1847 alit
860 1806 898 1845 ex
911 1807 953 1849 se.

210 1887 362 1953 praeterea
374 1878 480 1937 nitidas
495 1880 589 1954 fruges
603 1880 761 1954 vinetaque
775 1879 852 1936 laeta

211 1978 316 2044 sponte
330 1987 383 2027 sua
396 1969 521 2045 primum
537 1970 705 2029 mortalibus
719 1970 783 2045 ipsa
797 1969 914 2046 creavit,

210 2059 276 2135 ipsa
289 2059 371 2118 dedit
385 2059 478 2119 dulcis
492 2061 567 2119 fetus
583 2071 613 2119 et
626 2062 736 2136 pabula
749 2061 844 2133 laeta3

211 2168 287 2226 quae
302 2169 381 2209 nunc
394 2151 442 2209 vix
455 2161 555 2209 nostro
568 2150 766 2226 grandescunt
779 2161 867 2208 aucta
880 2152 989 2224 labore,
1055 2160 1119 2210 1160

211 2242 447 2317 conterimusque
462 2242 552 2300 boves
567 2252 596 2300 et
609 2242 675 2300 viris
689 2241 888 2316 agricolarum,

211 2332 385 2390 conficimus
398 2333 504 2390 ferrum
519 2333 567 2390 vir
581 2333 654 2390 arvis
670 2332 867 2407 suppeditati:

211 2443 306 2500 usque
320 2425 397 2484 adeo
411 2436 535 2501 parcunt
548 2426 623 2483 fetus
638 2434 805 2500 augentque
819 2425 927 2484 labore.

211 2514 328 2591 iamque
343 2526 432 2591 caput
446 2534 586 2592 quassans
600 2515 718 2591 grandis
732 2515 856 2590 suspirat
869 2527 966 2574 arator

212 2606 349 2678 crebrius²
363 2607 509 2665 incassum
524 2625 663 2664 manuum
677 2606 820 2664 cecidisse
834 2607 956 2678 labores,

212 2705 322 2754 etcum
337 2707 470 2771 tempora
484 2697 663 2772 temporibus
677 2696 841 2771 praesentia
856 2698 969 2755 confert

211 2786 381 2861 praeteritis,
395 2786 494 2845 laudat
507 2788 636 2846 fortunas
650 2805 739 2862 saepe
750 2788 878 2862 parentis

212 2886 243 2935 et
255 2886 364 2951 crepat,
380 2878 509 2935 anticum
523 2897 614 2953 genus
628 2887 661 2935 ut
674 2879 782 2952 pietate
796 2878 940 2953 repletum

212 2967 348 3043 perfacile
362 2968 490 3043 angustis
505 2968 631 3027 tolerarit
644 2968 751 3026 finibus
764 2986 879 3039 aevom,

212 3075 281 3115 cum
295 3057 391 3116 minor
403 3068 480 3117 esset
493 3059 553 3134 agri
568 3060 659 3116 multo
673 3058 781 3116 modus
794 3069 862 3116 ante
876 3058 991 3118 viritim.

212 3148 299 3206 tristis
313 3148 384 3206 item
397 3149 512 3208 vetulae
525 3150 590 3208 vitis
604 3161 682 3207 sator
695 3159 785 3224 atque
798 3150 893 3207 vietae

212 3238 353 3314 temporis
368 3239 482 3297 incusat
495 3257 616 3297 momen
629 3240 803 3313 caelumque
818 3240 918 3314 fatigat

212 3346 269 3386 nec
282 3338 364 3387 tenet
377 3330 477 3387 omnia
489 3330 629 3405 paulatim
642 3330 794 3387 tabescere
809 3340 839 3387 et
852 3331 894 3387 ire

213 3418 252 3477 ad
266 3420 403 3495 capulum
417 3421 513 3496 spatio
527 3421 629 3480 aetatis
644 3420 759 3478 defessa
771 3430 896 3478 vetusto,
