2792 4025
247 254 313 326 1v.]
488 255 543 308 DE
570 255 717 309 RERUM
743 255 916 309 NATURA
1091 260 1151 324 107

244 437 324 476 nunc
338 435 464 493 eaquae
478 415 548 475 dico
561 435 657 475 rerum
672 416 827 475 simulacra
840 418 970 476 seruntur

243 508 375 584 undique
390 518 419 566 et
433 509 464 566 in
478 518 598 565 cunctas
613 508 758 565 iaciuntur
771 506 865 564 didita
878 508 987 582 partis;
1104 530 1152 578 ²40

244 618 345 656 verum
359 618 412 658 nos
427 599 518 657 oculis
533 599 602 672 quia
615 599 682 656 solis
696 616 817 656 cernere
831 599 957 672 quimus,

244 700 400 765 propterea
413 689 446 748 fit
458 690 508 761 uti,
524 690 654 764 speciem
669 707 730 763 quo
744 689 891 761 vertimus,
906 708 1010 748 omnes

244 799 290 838 res
304 781 345 838 ibi
360 799 425 838 earn
440 789 542 838 contra
556 781 659 837 feriant
673 781 768 838 forma
781 788 870 854 atque
885 781 992 840 colore.

245 880 275 928 et
289 881 431 946 quantum
446 888 581 946 quaeque
596 870 633 927 ab
648 870 734 929 nobis
748 889 794 928 res
807 871 892 942 absit,
907 871 1005 948 imago

245 961 333 1020 efficit
347 971 378 1020 ut
392 962 543 1019 videamus
559 971 588 1018 et
602 961 800 1019 internoscere
814 972 915 1034 curat;
1105 979 1151 1034 245

245 1070 313 1109 nam
328 1070 396 1110 curn
412 1053 542 1124 mittitur,
559 1052 708 1126 externplo
723 1052 868 1127 protrudit
882 1053 999 1128 agitque

244 1143 313 1200 a'e'ra
325 1143 376 1216 qui
390 1142 464 1200 inter
477 1161 509 1200 se
523 1159 651 1217 cumque
667 1152 712 1200 est
725 1143 887 1216 oculosque
901 1143 1024 1214 locatus,

244 1233 327 1307 isque
342 1234 383 1290 ita
395 1251 449 1308 per
462 1242 575 1291 nostras
590 1234 668 1291 acies
682 1234 841 1308 perlabitur
854 1234 952 1292 omnis

245 1332 275 1381 et
289 1325 372 1398 quasi
382 1333 529 1399 perterget
543 1325 666 1399 pupillas
679 1333 769 1398 atque
783 1324 824 1380 ita
836 1325 948 1382 transit.

244 1424 400 1490 propterea
412 1415 444 1473 fit
459 1416 500 1474 uti
513 1414 664 1473 videamus
679 1433 769 1490 quarn
783 1415 887 1490 procul
901 1414 976 1472 absit
1106 1432 1153 1485 250

244 1524 290 1563 res
305 1524 448 1582 quaeque.
464 1515 494 1564 et
507 1515 617 1581 quanto
631 1506 696 1580 plus
711 1505 785 1563 aeris
799 1514 867 1562 ante
881 1505 1006 1580 agitatur

245 1606 276 1654 et
288 1606 403 1655 nostros
417 1597 518 1655 oculos
532 1605 679 1672 perterget
692 1596 807 1671 longior
820 1614 898 1667 aura,

245 1697 305 1747 tam
319 1690 421 1764 procul
435 1707 498 1747 esse
513 1689 605 1764 magis
620 1707 665 1746 res
680 1705 816 1762 quaeque
832 1696 947 1745 remota
959 1686 1084 1746 videtur.

245 1780 355 1838 scilicet
369 1780 442 1837 haec
457 1798 570 1842 summe
585 1779 671 1837 celeri
686 1779 798 1836 ratione
812 1787 962 1853 gemntur,

245 1870 329 1945 quale
344 1871 381 1929 sit
393 1881 426 1928 ut
439 1870 589 1928 videamus
604 1879 633 1928 et
646 1888 707 1927 una
720 1888 808 1944 quam
822 1869 925 1943 procul
939 1869 1023 1927 absit.
1106 1887 1135 1938 25
1138 1886 1152 1939 ς

245 1959 315 2019 illud
328 1961 359 2019 in
373 1961 417 2019 his
431 1961 517 2019 rebus
531 1961 652 2018 minime
666 1960 797 2018 mirabile
812 1959 1019 2034 habendumst,

246 2069 306 2123 cur,
322 2069 446 2125 eaquae
461 2051 564 2108 feriant
578 2051 680 2108 oculos
695 2051 848 2108 simulacra
860 2049 954 2108 videri

246 2140 357 2216 singula
371 2159 439 2198 curn
453 2151 611 2215 nequeant,
625 2156 671 2198 res
685 2141 766 2215 ipsae
781 2140 1004 2215 perspiciantur.

244 2241 348 2289 ventus
363 2232 442 2289 enim
456 2248 575 2305 quoque
590 2232 730 2305 paulatim
745 2249 813 2288 cum
827 2231 960 2288 verberat
974 2241 1004 2287 et
1019 2250 1087 2290 cum

245 2340 312 2379 acre
327 2321 388 2379 fluit
401 2322 497 2397 frigus,
513 2340 575 2379 non
588 2322 698 2396 privam
714 2339 862 2396 quamque
877 2320 1005 2380 solemus
1100 2328 1148 2379 260

245 2412 417 2487 particulam
431 2413 510 2470 venti
525 2412 632 2471 sentire
647 2421 677 2470 et
691 2412 802 2487 frigoris
818 2412 890 2483 eiuS,

246 2502 299 2561 sed
314 2503 406 2577 magis
420 2522 570 2575 unorsum,
585 2503 706 2578 fierique
721 2502 844 2577 perinde
858 2500 994 2560 videmus

165 2648 167 2651 .
245 2612 369 2669 corpore
384 2602 447 2651 turn
462 2593 560 2669 plagas
575 2594 605 2650 in
619 2603 719 2651 nostro
733 2602 794 2650 tarn
808 2611 898 2667 quarn
911 2593 1025 2668 aliquae
1039 2612 1085 2653 res

245 2685 377 2742 verberet
391 2693 478 2759 atque
494 2684 538 2741 sui
553 2683 603 2741 det
617 2702 736 2742 sensum
750 2684 881 2758 corporis
896 2692 984 2742 extra.

245 2785 395 2851 praeterea
408 2774 537 2850 lapidem
550 2774 641 2849 digito
656 2794 725 2831 curn
739 2774 898 2841 tundimus,
912 2774 1010 2848 ipsum
1106 2783 1152 2847 265

245 2866 390 2940 tangimus
405 2875 569 2923 extremum
584 2866 646 2923 saxi
660 2883 865 2939 summumque
880 2866 1020 2937 colorem,

246 2974 303 3013 nec
317 2956 457 3013 sentimus
472 2974 540 3014 eum
555 2965 645 3029 tactu,
659 2974 761 3013 verum
774 2956 867 3031 magis
881 2956 975 3031 ipsam

247 3044 383 3104 duritiem
396 3047 513 3121 penitus
528 3047 588 3104 saxi
605 3047 746 3104 sentimus
760 3047 791 3104 in
805 3047 873 3104 alto.

288 3137 377 3194 Nunc
391 3155 454 3212 age,
471 3155 522 3195 cur
536 3137 609 3194 ultra
623 3138 775 3211 speculum
789 3136 923 3193 videatur
936 3136 1035 3211 imago

246 3227 366 3303 percipe
377 3247 387 3300 ;
407 3246 476 3284 nam
491 3237 569 3284 certe
584 3228 700 3302 penitus
714 3236 829 3285 semota
842 3226 966 3284 videtur.
1106 3247 1154 3292 270

248 3316 329 3393 quod
342 3335 435 3392 genus
449 3318 496 3375 illa
510 3318 577 3375 foris
592 3336 668 3392 quae
682 3336 750 3374 vere
765 3317 999 3391 transpiciuntur,

247 3409 333 3466 ianua
348 3427 416 3466 curn
430 3426 483 3483 per
496 3425 527 3466 se
542 3418 741 3484 transpectum
755 3408 876 3482 praebet
889 3419 1033 3481 apertum,

248 3500 338 3558 multa
351 3500 477 3574 facitque
492 3498 560 3557 foris
574 3517 612 3557 ex
626 3498 748 3556 aedibus
762 3508 794 3555 ut
807 3496 969 3556 videantur.
