2792 4025
277 291 322 354 40
614 288 845 343 nucnnrrus
1126 289 1182 361 [11.

275 457 395 524 respuat
408 456 499 508 umor
507 451 622 524 aquae?
641 467 785 523 namquo
798 449 890 524 magis
904 449 1027 508 ursimus
1041 449 1099 508 alte

277 539 396 598 derecta
410 549 440 598 et
454 558 560 615 magna
573 540 601 598 vi
615 539 697 596 multi
712 540 869 614 pressimus
885 558 981 614 aegre,

277 639 336 688 tam
351 629 459 705 cupide
473 648 585 688 sursum
599 630 723 688 revomit
737 629 828 704 magis
842 640 931 704 atque
945 629 1073 703 remittit,

276 720 341 795 plus
355 730 387 778 ut
400 730 482 795 parte
496 721 572 778 foras
587 729 738 795 emergant
751 720 938 795 exiliantque.
1135 741 1183 777 200

277 829 333 868 nec
348 819 447 868 tamen
462 810 544 881 haec,
560 820 702 885 quantum
717 820 761 868 est
774 810 805 867 in
818 827 860 883 se,
874 810 1052 883 dubitamus,
1067 812 1182 886 opinor,

280 901 351 975 quin
365 919 490 959 vacuum
505 919 558 976 per
572 903 658 958 inane
673 900 811 959 deorsum
825 910 932 958 cuncta
945 902 1081 959 ferantur.

277 991 318 1049 sic
334 991 418 1066 igitur
432 990 542 1050 debent
555 991 688 1048 flammae
703 1009 824 1067 quoque
838 1009 925 1067 posse
939 1009 993 1066 per
1006 1010 1089 1049 auras

276 1082 350 1140 aeris
365 1099 517 1156 expressae
532 1100 645 1140 sursum
659 1081 830 1154 succedere,
845 1100 1025 1157 quamquam

276 1171 419 1247 pondera,
425 1182 567 1246 quantum
576 1173 679 1243 insest,
685 1171 822 1230 deorsum
830 1170 978 1230 deducere
984 1182 1125 1249 pugnent,
1134 1191 1180 1244 205

277 1272 492 1337 nocturnasque
507 1264 585 1320 faces
600 1262 673 1320 caeli
687 1262 810 1320 sublime
824 1263 948 1321 volantis

276 1371 376 1410 nonne
390 1351 473 1410 vides
487 1353 590 1427 longos
604 1352 786 1410 flammarum
801 1352 910 1411 ducere
923 1361 1031 1412 tractus

275 1443 307 1500 in
321 1460 521 1518 quascumque
536 1442 619 1500 dedit
632 1443 721 1518 partis
735 1453 838 1500 natura
851 1445 1002 1501 meatum?

276 1551 338 1590 non
352 1532 458 1591 cadere
473 1534 503 1590 in
518 1543 623 1591 terram
638 1532 734 1592 stellas
749 1544 779 1590 et
793 1533 888 1591 sidera
902 1534 1018 1592 cernis?

277 1624 321 1681 sol
335 1623 422 1681 etiarn
438 1623 511 1681 caeli
525 1623 563 1681 de
577 1625 685 1682 vertice
701 1624 822 1699 dissipat
835 1625 930 1682 omnis
1133 1645 1181 1682 210

276 1713 411 1772 ardorem
426 1714 456 1771 in
470 1714 558 1789 partis
573 1724 602 1781 et
616 1715 726 1772 lumine
740 1714 866 1771 conserit
879 1732 966 1787 arva3

276 1804 306 1862 in
320 1813 408 1862 terras
421 1804 507 1879 igitur
520 1822 639 1880 quoque
654 1804 722 1862 solis
735 1805 861 1880 vergitur
874 1804 969 1862 ardor.

275 1905 512 1968 transversosque
526 1895 621 1952 volare
636 1912 689 1970 per
703 1895 802 1952 imbris
816 1894 937 1952 fulmina
951 1897 1063 1955 cernis:

276 2002 356 2043 nunc
371 1983 439 2043 hinc
452 2002 532 2043 nunc
546 1984 623 2043 illinc
637 1985 753 2060 abrupti
766 1985 893 2044 nubibus
906 1985 989 2061 ignes

275 2085 471 2149 concursant;
492 2074 572 2133 cadit
585 2077 615 2133 in
630 2085 718 2134 terras
732 2077 775 2134 vis
788 2076 923 2135 flammea
936 2078 1033 2153 volgo.
1133 2096 1179 2151 τις

316 2164 394 2225 Illud
408 2167 439 2224 in
454 2166 498 2225 his
512 2184 631 2241 quoque
645 2176 674 2224 te
688 2167 775 2225 rebus
789 2185 968 2241 cognoscere
983 2188 1111 2239 avemus,

275 2275 399 2333 corpora
412 2275 482 2315 cum
496 2256 634 2315 deorsum
647 2267 761 2315 rectum
775 2275 828 2331 per
841 2258 928 2316 inane
942 2260 1080 2332 feruntur,

274 2347 453 2423 ponderibus
467 2348 600 2423 propriis,
615 2366 646 2406 se
661 2348 774 2405 incerto
787 2357 921 2424 tempore
936 2349 1026 2407 ferme

273 2439 449 2513 incertisque
463 2439 522 2496 loci
536 2438 635 2513 spatiis
649 2438 796 2513 depellere
811 2440 940 2513 paulum,

274 2537 386 2585 tanturn
401 2527 483 2603 quod
498 2546 617 2586 momen
632 2539 776 2587 mutatum
790 2529 889 2588 dicere
903 2531 1006 2605 possis.
1132 2554 1180 2589 κο

274 2617 424 2693 quodnisi
438 2618 585 2677 declinare
600 2619 735 2691 solerent,
750 2621 850 2678 omnia
863 2620 1010 2688 deorsum,

273 2710 372 2767 imbris
386 2710 429 2767 uti
442 2719 550 2784 guttae,
565 2708 706 2768 caderent
719 2728 773 2785 per
786 2711 873 2768 inane
887 2710 1077 2785 profundum,

272 2817 330 2857 nec
344 2800 419 2857 foret
433 2800 560 2858 offensus
574 2809 658 2858 natus
672 2818 729 2859 nec
743 2800 830 2876 plaga
843 2812 940 2859 creata

272 2890 440 2965 principiis:
462 2890 502 2947 ita
515 2890 557 2947 nil
570 2908 712 2966 umquam
726 2901 828 2949 natura
842 2901 975 2949 creasset.

314 2980 405 3053 Quod
420 2981 444 3038 si
457 2980 531 3039 forte
546 2982 648 3057 aliquis
661 2981 753 3040 credit
767 2982 898 3057 graviora
912 2992 1029 3057 potesse
1131 3004 1176 3055 225

273 3090 405 3147 corpora,
421 3090 480 3148 quo
496 3074 581 3133 citius
593 3085 706 3133 rectum
721 3093 774 3149 per
788 3076 875 3132 inane
889 3076 1026 3147 seruntur,

272 3161 402 3221 incidere
417 3181 454 3221 ex
468 3183 575 3239 supero
588 3165 743 3224 levioribus
757 3176 846 3239 atque
859 3165 901 3223 ita
913 3164 1012 3239 plagas

272 3254 391 3329 gignere
406 3272 481 3329 quae
495 3256 609 3329 possint
622 3256 754 3329 genitalis
767 3255 891 3313 reddere
907 3265 1013 3327 motus,

273 3345 350 3403 avius
365 3363 383 3402 a
396 3364 464 3403 vera
477 3346 564 3420 longe
578 3347 690 3403 ratione
704 3345 824 3403 recedit.

273 3452 341 3492 nam
351 3453 404 3510 per
412 3454 502 3510 aquas
511 3454 715 3510 quaecumque
724 3435 835 3493 cadunt
843 3445 930 3509 atque
939 3436 1007 3493 aera
1014 3454 1118 3507 rarum,
1130 3456 1178 3507 230

274 3523 348 3581 haec
362 3542 415 3599 pro
429 3524 609 3601 ponderibus
624 3545 709 3583 casus
723 3526 848 3585 celerare
862 3537 1011 3585 necessest
