2792 4025
261 218 323 297 146
594 231 827 287 uucnerrus
1112 229 1160 301 [v.

256 412 294 451 ex
307 393 365 453 alio
378 402 465 469 atque
480 392 537 452 alio
551 393 648 451 lucem
662 393 770 450 iactare
784 392 903 451 subortu

256 494 286 541 et
299 485 425 559 primum
439 482 580 559 quicquid
594 484 776 541 flammarum
790 482 913 557 perdere
927 498 1062 557 sempe13

255 574 568 647 inviolabiliahaecqne
582 573 685 631 credas
700 573 772 631 sorte
785 573 892 648 vigere.
1114 586 1161 644 305

297 664 435 739 Denique
448 682 509 722 non
522 662 634 738 lapides
648 680 767 738 quoque
782 662 859 719 vinci
876 661 971 721 cernis
985 662 1023 722 ab
1036 680 1119 735 aevo,

256 772 317 812 non
331 754 402 812 altas
416 754 499 812 turris
513 772 595 811 ruere
610 763 640 811 et
654 749 819 828 putrescere
835 770 912 824 saxa,

256 862 319 902 non
333 843 454 902 delubra
467 844 558 903 deum
571 844 783 917 simulacraque
797 842 873 901 fessa
887 842 988 915 fatisci,

258 952 315 992 nec
329 944 463 993 sanctum
477 952 588 991 numen
602 934 652 991 fati
666 933 821 1009 protollere
836 932 900 991 finis

255 1042 343 1100 posse
357 1042 454 1099 neque
469 1024 608 1082 adversus
622 1033 740 1082 naturae
756 1023 875 1081 foedera
888 1022 962 1081 niti?
1113 1040 1163 1093 310
1250 1024 1259 1043 ⁸

255 1114 384 1190 denique
399 1134 461 1176 nou
475 1115 656 1173 monimenta
670 1115 762 1173 virum
777 1114 889 1189 dilapsa
902 1112 1035 1173 videmus

255 1223 394 1279 quaerere
408 1223 551 1281 proporro
565 1205 620 1263 sibi
634 1222 705 1262 sene
720 1222 871 1263 senescere
887 1204 989 1263 credas
1081 1254 1084 1263 .

255 1314 317 1353 non
330 1314 413 1353 ruere
427 1296 541 1353 avolsos
555 1295 650 1353 silices
664 1313 683 1351 a
695 1295 845 1353 montibus
859 1295 922 1353 altis

254 1404 311 1443 nec
325 1385 434 1443 validas
448 1385 512 1446 aevi
525 1385 600 1442 vires
613 1384 741 1459 perferre
755 1385 874 1460 patique

254 1476 348 1534 finiti?
362 1493 459 1551 neque
474 1475 554 1533 enim
568 1475 708 1534 caderent
721 1476 819 1533 avolsa
831 1483 963 1550 repente,
1113 1492 1160 1545 315

254 1585 291 1623 ex
305 1567 418 1624 infinito
433 1584 509 1641 quae
523 1575 660 1641 tempore
674 1566 900 1640 pertolerassent

253 1657 354 1715 onmia
367 1666 512 1714 tormenta
525 1656 627 1715 aetatis
641 1656 752 1731 privata
765 1655 886 1730 fragore.

295 1746 431 1821 Denique
440 1746 498 1804 iarn
506 1755 587 1803 tuere
599 1745 665 1819 hoc,
673 1746 785 1804 circum
794 1762 939 1821 supraque
948 1743 1030 1821 quod
1041 1762 1161 1803 omnem

253 1837 385 1896 continet
396 1836 534 1910 amplexu
547 1846 670 1894 terram:
693 1836 717 1893 si
731 1844 866 1910 procreat
880 1853 917 1893 ex
930 1852 961 1893 se

253 1927 361 1993 omnia,
371 1925 452 2000 quod
461 1926 581 2001 quidam
590 1935 762 1996 memorant,
773 1925 933 2001 recipitque
942 1933 1103 2001 perempta,
1112 1944 1161 1995 320

253 2027 348 2075 totum
361 2018 490 2075 nativum
505 2017 618 2075 mortali
633 2034 757 2091 corpore
772 2026 895 2076 constat.

252 2126 321 2165 nam
336 2107 546 2182 quodcumque
560 2108 630 2165 alias
644 2125 727 2165 exse
741 2125 788 2165 res
801 2116 889 2182 auget
902 2107 1019 2182 alitque,

252 2197 384 2256 deminui
399 2197 496 2268 debet,
511 2198 644 2268 recreari,
659 2216 727 2254 cum
741 2197 845 2272 recipit
858 2215 913 2256 res.

294 2290 448 2347 Praeterea
461 2289 485 2345 si
499 2289 578 2345 nulla
591 2289 644 2346 fuit
657 2288 789 2363 genitalis
804 2288 887 2363 origo

252 2388 393 2436 terrarum
408 2387 437 2436 et
451 2378 524 2435 caeli
539 2396 715 2452 semperque
729 2388 848 2435 aeterna
861 2377 952 2449 fuere,
1112 2395 1160 2448 325

253 2487 305 2526 cur
319 2486 424 2543 supera
437 2469 546 2526 bellum
560 2468 736 2529 Thebanum
751 2476 780 2525 et
793 2468 895 2525 funera
907 2467 1014 2525 Troiae

253 2577 315 2617 non
328 2560 397 2616 alias
412 2559 459 2616 alii
473 2576 593 2632 quoque
607 2576 653 2616 res
667 2559 802 2615 cecinere
818 2559 947 2632 poetae?

253 2667 315 2723 quo
329 2658 373 2706 tot
387 2649 464 2705 lacta
477 2649 570 2704 virum
585 2649 693 2706 totiens
708 2647 843 2705 cecidere
858 2665 955 2722 neque
970 2664 1094 2722 usquam

254 2739 379 2797 aeternis
394 2739 489 2796 saurae
503 2739 692 2795 monimentis
706 2738 792 2795 insita
806 2738 931 2795 florent?

252 2847 363 2898 verum,
374 2838 406 2885 ut
417 2829 530 2902 opinor,
543 2828 631 2886 habet
641 2828 801 2886 novitatem
812 2846 926 2885 summa
936 2845 1097 2902 recensque
1112 2847 1161 2898 330

252 2929 381 2978 naturast
394 2917 497 2975 mundi
511 2936 609 2992 neque
624 2917 739 2993 pridem
754 2917 875 2976 exordia
889 2919 977 2992 cepit.

253 3028 342 3084 quare
358 3009 445 3066 etiam
459 3007 606 3082 quaedam
620 3027 700 3066 nunc
714 3019 790 3066 artes
805 3008 999 3083 expoliuntur,

252 3119 332 3157 nunc
346 3100 434 3156 etiam
448 3109 627 3174 augescunt;
649 3118 728 3157 nunc
744 3098 845 3156 addita
859 3099 979 3173 navigiis
993 3108 1060 3156 suut

253 3190 353 3260 multa,
368 3188 459 3248 modo
474 3190 604 3264 organici
619 3190 741 3247 melicos
755 3207 895 3264 peperere
911 3207 1040 3247 sonores.

253 3280 382 3355 denique
396 3291 499 3337 natura
511 3279 585 3337 haec
599 3297 697 3337 rerum
712 3280 844 3354 ratioque
858 3288 999 3354 repertast
1111 3297 1159 3350 335

252 3389 355 3445 nuper,
371 3380 400 3428 et
414 3370 489 3427 hanc
503 3371 613 3444 primus
627 3388 696 3428 cum
710 3370 811 3445 primis
825 3370 887 3444 ipse
902 3379 1033 3444 repertus

253 3478 333 3520 nunc
347 3479 403 3538 ego
418 3479 482 3520 sum
497 3455 526 3517 in
540 3461 646 3535 patrias
660 3461 711 3535 qui
725 3460 834 3535 possim
848 3469 960 3518 vertere
975 3476 1073 3518 voces
1097 3537 1099 3541 Ι
