2792 4025
264 259 304 324 72
605 258 837 312 LUCRETIUS
1093 258 1166 330 [111.

262 431 306 480 est
320 421 405 497 igitur
420 421 499 479 calor
513 439 548 479 ac
561 432 664 480 ventus
677 422 771 480 vitalis
786 421 816 478 in
830 421 895 496 ipso

261 531 383 588 corpore
399 514 449 588 qui
463 513 547 570 nobis
562 513 753 571 moribundos
768 512 875 570 deserit
888 521 976 570 artus.

261 613 439 678 quapropter
452 604 591 677 quoniam
606 613 649 660 est
664 603 752 660 animi
766 613 869 660 natura
882 613 997 678 reperta
1120 626 1168 677 ¹30

260 703 347 768 atque
362 694 477 750 animae
492 693 573 767 quasi
588 711 654 767 pars
669 693 804 764 hominis,
819 693 911 750 redde
926 693 1088 754 harmoniai

259 802 380 855 nornen,
395 783 433 841 ad
447 784 600 858 organicos
615 783 673 841 alto
688 783 817 840 delatum
834 783 993 857 Heliconi3

259 874 319 931 sive
334 873 450 931 aliunde
464 874 520 948 ipsi
534 891 621 949 porro
635 883 747 930 traxere
761 883 791 931 et
805 873 835 930 in
849 873 926 930 illam

258 967 472 1035 transtulerunt,
487 965 605 1038 proprio
620 981 695 1038 quae
710 973 772 1021 tum
786 981 832 1021 res
846 964 966 1021 nornine
981 965 1094 1040 egebat.

258 1054 403 1130 quidquid
417 1054 448 1112 id
463 1065 515 1128 est,
531 1055 674 1112 habeant:
698 1064 730 1112 tu
744 1065 843 1112 cetera
855 1055 975 1130 percipe
990 1055 1078 1114 dicta
1118 1078 1128 1113 r
1133 1075 1163 1128 35

299 1146 387 1203 Nunc
401 1147 531 1204 animum
546 1155 634 1220 atque
648 1145 777 1202 animam
791 1144 859 1202 dico
874 1147 1032 1204 coniuncta
1045 1149 1138 1205 teneri

257 1236 332 1295 inter
345 1255 376 1295 se
391 1247 478 1311 atque
493 1255 581 1294 unam
595 1246 728 1293 naturam
742 1236 888 1294 conficere
903 1254 940 1293 ex
953 1254 995 1308 se,

256 1325 310 1385 sed
324 1338 412 1402 caput
426 1345 490 1385 esse
504 1327 587 1401 quasi
602 1337 632 1384 et
645 1325 788 1385 dominari
803 1327 971 1401 incorpore
986 1337 1049 1385 toto

255 1417 410 1475 consilium
423 1416 505 1492 quod
520 1435 574 1474 nos
587 1417 718 1474 animum
734 1427 922 1491 mentemque
936 1434 1084 1475 vocamus.

255 1506 345 1582 idque
360 1507 447 1565 situm
462 1507 561 1565 media
573 1508 692 1581 regione
707 1508 738 1564 in
751 1507 879 1582 pectoris
893 1507 1001 1565 haeret.
1114 1529 1161 1576 140

256 1597 304 1655 hic
319 1598 428 1655 exultat
441 1601 519 1656 enirn
534 1615 625 1672 pavor
638 1616 673 1654 ac
687 1607 792 1668 metus,
807 1597 881 1654 haec
894 1598 961 1656 loca
974 1598 1084 1657 circum

255 1687 381 1746 laetitiae
396 1688 545 1760 mulcent3
566 1687 614 1744 hic
629 1705 698 1762 ergo
714 1706 797 1745 mens
810 1688 1019 1762 animusquest.

255 1788 354 1835 cetera
368 1796 434 1853 pars
448 1778 562 1835 animae
577 1795 631 1852 per
644 1787 738 1835 totum
753 1777 854 1836 dissita
867 1796 974 1853 corpus

254 1877 337 1942 paret
351 1878 381 1926 et
394 1867 433 1925 ad
447 1886 554 1925 numen
571 1868 676 1926 mentis
690 1886 870 1943 momenque
884 1879 1026 1928 movetur.

254 1957 344 2035 idque
360 1958 414 2018 sibi
428 1959 521 2017 solum
536 1977 589 2035 per
603 1976 634 2017 se
648 1959 732 2033 sapit,
748 1958 778 2017 id
792 1960 847 2018 sibi
861 1958 979 2035 gaudet,
1115 1978 1159 2032 145

254 2068 323 2107 cum
338 2069 436 2125 neque
449 2069 496 2108 res
510 2050 638 2107 animam
652 2068 750 2124 neque
765 2069 871 2125 corpus
886 2059 1054 2108 commovet
1068 2069 1135 2109 una.

254 2151 284 2198 et
298 2141 388 2216 quasi,
404 2159 472 2198 cum
487 2150 576 2215 caput
590 2150 639 2198 aut
653 2142 756 2198 oculus
770 2150 931 2215 temptante
946 2140 1048 2199 dolore

252 2231 376 2289 laeditur
390 2231 420 2289 in
434 2232 528 2302 nobis,
545 2249 606 2289 non
620 2232 701 2289 omni
716 2232 937 2289 concruciamur

253 2340 386 2397 corpore,
400 2323 442 2380 sic
456 2322 570 2379 animus
584 2340 809 2396 nonnumquam
824 2322 947 2379 laeditur
960 2322 1024 2398 ipse

252 2412 418 2488 laetitiaque
432 2414 518 2487 viget,
534 2431 602 2469 cum
616 2423 714 2469 cetera
728 2431 794 2487 pars
808 2413 915 2470 animai
1112 2434 1121 2469 r
1126 2432 1159 2484 50

252 2521 305 2577 per
319 2504 450 2561 membra
464 2513 551 2577 atque
566 2512 643 2561 artus
657 2503 735 2560 nulla
749 2503 877 2561 novitate
892 2504 993 2560 cietur.

251 2612 352 2651 verum
366 2594 416 2651 ubi
430 2594 558 2652 vementi
573 2594 663 2668 magis
678 2605 722 2652 est
736 2604 887 2651 commota
901 2604 980 2650 metu
995 2611 1088 2664 menS,

251 2686 416 2741 consentite
431 2686 558 2742 animam
573 2694 663 2743 totam
678 2704 733 2761 per
746 2686 880 2743 membra
893 2684 1027 2742 videmus

251 2775 431 2850 sudoresque
446 2775 486 2832 ita
499 2776 698 2850 palloremque
714 2776 836 2833 existere
850 2785 914 2833 toto

251 2883 373 2941 corpore
388 2876 418 2924 et
431 2865 546 2941 infringi
560 2866 688 2940 linguam
702 2883 868 2939 vocemque
882 2865 997 2935 aboriri,
1110 2882 1154 2936 1⁵5

251 2956 373 3031 caligare
388 2958 499 3030 oculoS,
514 2974 619 3014 sonere
633 2955 718 3026 auris,
734 2955 885 3013 succidere
899 2965 986 3026 artus,

250 3046 378 3121 denique
393 3047 550 3105 concidere
566 3065 602 3104 ex
616 3046 707 3104 animi
721 3056 829 3104 terrore
840 3046 974 3103 videmus

250 3156 338 3213 saepe
353 3138 505 3213 homines3
527 3139 610 3197 facile
625 3147 657 3195 ut
671 3138 765 3213 quivis
779 3138 848 3195 hinc
862 3154 985 3195 noscere
999 3136 1091 3211 possit

249 3247 313 3287 esse
325 3229 453 3287 animam
465 3248 534 3286 cum
545 3230 644 3286 animo
655 3229 853 3298 coniunctam,
863 3245 938 3302 quae
948 3246 1016 3284 curn
1026 3226 1116 3284 animi
1125 3226 1154 3284 vi

248 3330 422 3395 percussast,
437 3320 514 3377 exim
529 3336 635 3393 corpus
650 3319 785 3393 propellit
799 3327 829 3375 et
843 3318 902 3376 icit.
1107 3324 1153 3373 160

290 3410 376 3469 Haec
391 3409 495 3469 eadem
509 3410 582 3466 ratio
597 3418 729 3466 naturam
744 3409 832 3465 animi
847 3418 934 3483 atque
948 3408 1056 3466 animai

248 3527 421 3587 corpoream
436 3509 525 3569 docet
540 3527 621 3578 esse;
643 3509 693 3567 ubi
708 3509 787 3566 enirn
802 3509 963 3584 propellere
978 3510 1118 3582 membra,
