2792 4025
237 263 309 334 lll.]
472 265 527 316 DE
558 264 705 317 RERUM
731 266 904 320 NATURA

233 444 289 484 nec
304 426 389 484 nimis
403 425 454 483 irai
468 426 516 484 sax
530 445 669 501 umquam
684 427 801 486 subdita
814 431 908 503 percit

232 517 352 588 fumida,
368 516 537 575 suffundens
552 535 658 575 caecae
674 518 803 593 caliginis
817 521 929 593 umbra,

231 626 289 665 nec
303 607 405 683 gelidis
420 616 515 682 torpet
529 607 592 665 telis
606 609 716 682 perfixa
730 611 863 683 pavoris:
1087 631 1136 684 305

231 698 310 756 inter
323 708 461 772 utrosque
476 699 564 769 sitast,
579 716 680 756 cervos
695 717 856 774 saevosque
871 701 982 761 leones.

232 789 273 846 sic
288 788 440 845 hominum
455 806 546 863 genus
562 798 614 846 est.
636 790 769 862 quamvis
783 789 916 848 doctrina
929 794 1037 867 politos

232 879 388 936 constituat
402 879 509 953 pariter
522 879 676 953 quosdam,
691 889 791 937 tamen
805 881 852 938 illa
867 882 1002 957 relinquit
1122 868 1126 876 ¹

230 978 350 1026 naturae
365 969 506 1043 cuiusque
521 970 609 1026 animi
624 970 744 1045 vestigia
756 971 860 1045 prima

230 1077 288 1116 nec
301 1059 439 1117 radicitus
453 1060 537 1117 evelli
552 1061 627 1117 mala
641 1078 728 1134 posse
743 1053 944 1136 putandumst,
1087 1085 1137 1135 310

231 1150 303 1224 quin
316 1149 471 1225 proclivius
486 1150 533 1207 hic
548 1150 602 1208 iras
617 1150 752 1209 decurrat
765 1150 803 1209 ad
821 1153 904 1226 acris,

230 1239 277 1298 ille
292 1249 372 1298 metu
387 1241 470 1298 citius
485 1240 573 1315 paulo
587 1249 754 1315 temptetur,
769 1242 860 1300 atille

230 1331 330 1389 tertius
344 1331 469 1406 accipiat
483 1330 629 1405 quaedam
643 1332 815 1390 clementius
829 1351 935 1407 aequ0.

229 1422 320 1496 inque
334 1422 395 1480 aliis
408 1422 494 1480 rebus
508 1421 605 1479 multis
619 1420 734 1480 differre
748 1435 897 1483 necessest

229 1523 345 1571 naturas
360 1512 512 1570 hominum
526 1513 617 1570 varias
631 1531 787 1588 moresque
801 1515 934 1588 sequacis
946 1536 954 1587 3
1084 1536 1132 1589 315

229 1621 355 1678 quorum
370 1621 425 1678 ego
440 1621 518 1661 nunc
533 1619 650 1677 nequeo
664 1622 768 1662 caecas
783 1622 930 1679 exponere
945 1625 1048 1665 causas

229 1713 285 1752 nec
299 1694 424 1769 reperire
440 1694 593 1768 figurarum
608 1702 652 1751 tot
665 1681 786 1752 nomina
800 1706 873 1770 quot
887 1706 955 1755 sunt

228 1785 387 1860 principiis,
402 1784 481 1842 unde
496 1783 569 1841 haec
584 1785 674 1842 oritur
687 1785 824 1843 variantia
837 1804 942 1845 rerum.

228 1875 300 1933 illud
314 1875 343 1933 in
358 1876 402 1933 his
416 1875 502 1932 rebus
516 1873 618 1932 videor
631 1876 745 1933 firmare
760 1885 887 1950 potesse,

228 1983 321 2041 usque
335 1965 412 2025 adeo
427 1975 593 2024 naturarum
607 1966 729 2041 vestigia
741 1966 833 2042 linqui
1084 1990 1134 2041 320

228 2058 347 2132 parvola
361 2076 437 2133 quae
451 2066 579 2131 nequeat
592 2057 665 2115 ratio
680 2056 827 2132 depellere
842 2058 937 2132 nobis,

229 2156 261 2205 ut
274 2148 315 2205 nil
328 2147 459 2223 inpediat
473 2147 592 2223 dignam
607 2147 652 2205 dis
667 2145 774 2222 degere
789 2149 886 2207 vitam.

269 2238 356 2295 Haec
370 2238 455 2313 igitur
468 2247 569 2295 natura
582 2247 698 2295 tenetur
711 2256 834 2312 corpore
850 2239 888 2296 ab
901 2240 983 2299 omni

228 2327 349 2403 ipsaque
363 2329 492 2403 eorporis
507 2338 551 2386 est
566 2339 664 2385 custos
678 2338 708 2385 et
722 2346 810 2385 causa
824 2329 921 2387 salutis
933 2351 941 2400 3

226 2436 296 2476 nam
310 2420 514 2478 communibus
528 2419 603 2501 inter
617 2436 647 2476 se
662 2417 808 2477 radicibus
822 2418 944 2479 haerent
1082 2442 1129 2495 325

227 2527 284 2568 nec
298 2509 361 2567 sine
374 2510 503 2584 pernicie
518 2509 615 2567 divelli
629 2526 716 2584 posse
729 2508 873 2569 videntur.

227 2599 308 2674 quod
322 2618 413 2675 genus
428 2617 444 2657 e
459 2600 548 2657 thuris
562 2600 671 2674 glaebis
686 2600 808 2657 evellere
823 2599 947 2659 odorem

227 2690 305 2747 haud
320 2691 403 2748 facile
417 2699 461 2748 est
475 2691 546 2765 quin
561 2691 683 2748 intereat
696 2699 799 2748 natura
813 2709 932 2766 quoque
947 2693 1018 2751 eius.

227 2782 268 2839 sic
283 2782 371 2838 animi
386 2791 473 2856 atque
488 2782 603 2838 animae
618 2790 752 2839 naturam
767 2800 890 2856 corpore
904 2791 968 2840 toto

226 2871 375 2928 extrahere
390 2871 460 2929 haut
473 2871 557 2929 facile
572 2880 616 2929 est
630 2873 702 2945 quin
716 2872 816 2930 omnia
830 2872 1032 2932 dissoluantur.
1081 2931 1094 2945 „

203 2976 208 2984 ’
225 2961 347 3035 inplexis
362 2962 402 3019 ita
414 2962 563 3037 principiis
577 2962 614 3019 ab
628 2962 739 3037 origine
754 2963 848 3038 prima

225 3052 300 3110 inter
313 3070 344 3109 se
358 3053 432 3110 fiunt
445 3052 572 3111 consorti
586 3052 719 3127 praedita
731 3053 799 3125 vita,

224 3144 281 3201 nec
295 3143 348 3201 sibi
363 3162 497 3218 quaeque
512 3143 574 3201 sine
588 3144 704 3201 alterius
718 3144 746 3200 vi
760 3162 847 3219 posse
862 3143 976 3202 videtur

225 3234 355 3308 corporis
369 3243 455 3308 atque
471 3234 559 3292 animi
574 3252 705 3292 seorsum
720 3235 825 3292 sentire
840 3245 979 3309 potestas,

224 3323 277 3382 sed
292 3325 497 3383 communibus
512 3325 649 3383 intereas
664 3324 806 3399 conflatur
819 3326 964 3399 utrimque
1078 3344 1126 3397 335

224 3415 351 3473 motibus
365 3432 505 3480 accensus
519 3416 603 3473 nobis
617 3416 795 3490 perviscera
808 3433 918 3473 sensus

224 3515 374 3580 praeterea
387 3524 493 3581 corpus
507 3523 559 3580 per
573 3523 604 3563 se
619 3524 674 3563 nec
688 3506 815 3581 gignitur
827 3522 967 3579 umquam
