2792 4025
265 236 306 297 28
599 245 832 300 Lucnrrrus
1131 243 1169 314 [1.

263 407 437 483 contingunt
450 407 542 465 mellis
553 405 631 465 dulci
645 405 781 480 flavoque
794 405 917 480 liquore,

263 508 297 556 ut
310 500 467 574 pueromm
480 507 559 555 aetas
573 496 727 572 inprovida
739 496 905 554 ludificetur

264 590 409 648 labrorum
424 597 518 660 tenus,
532 588 644 645 interea
656 596 793 662 perpotet
807 604 939 645 amarum
1121 607 1172 660 940

264 680 389 739 absinthi
403 679 519 737 laticem
533 676 718 753 deceptaque
732 695 794 736 non
807 663 951 752 capiatur,¹

265 770 318 828 sed
331 770 429 846 potius
443 769 492 828 tali
506 777 594 845 pacto
607 777 738 826 recreata
751 767 887 841 valescat,
992 817 995 821 J

265 861 307 918 sic
321 879 390 936 ergo
404 878 493 931 nune,
509 858 649 934 quoniam
663 857 738 916 haec
752 859 826 916 ratio
840 859 1014 934 plerumque
1028 857 1144 918 videtur

265 951 371 1009 tristior
384 969 447 1009 esse
461 950 567 1025 quibus
579 966 642 1008 non
656 958 700 1008 est
714 958 843 1021 tractata,
858 959 995 1024 retroque

264 1041 365 1116 volgus
379 1040 514 1099 abhorret
526 1040 564 1098 ab
578 1039 643 1112 hac,
656 1038 736 1098 volui
749 1039 802 1097 tibi
816 1039 1029 1116 suaviloquenti
1121 1057 1170 1113 945

265 1131 393 1189 carmine
408 1130 502 1189 Pierio
516 1130 660 1189 rationem
675 1147 823 1203 exponere
838 1139 969 1188 nostram

266 1232 296 1280 et
309 1222 392 1296 qnasi
405 1237 525 1280 musaeo
541 1219 621 1278 dulei
635 1220 804 1295 contingere
818 1219 914 1292 melle,

265 1313 290 1370 si
303 1312 355 1370 tibi
368 1312 440 1370 forte
455 1311 584 1369 animum
598 1310 648 1368 tali
661 1310 774 1368 ratione
787 1318 889 1368 tenere

264 1403 393 1461 versibus
407 1402 437 1459 in
451 1401 556 1460 nostris
570 1418 697 1476 possem,
713 1398 785 1457 dum
798 1400 941 1476 perspicis
955 1419 1076 1460 omnem

265 1503 396 1551 naturam
410 1510 505 1550 rerum
520 1503 579 1566 qua
592 1500 708 1549 constet
722 1500 842 1566 compta
855 1490 956 1566 figura
963 1501 985 1559 ,s
1120 1511 1171 1566 950

306 1583 364 1642 Sed
378 1583 516 1658 quoniam
526 1580 616 1639 docui
629 1580 804 1639 solidissima
816 1581 948 1639 materiai

265 1692 388 1749 corpora
401 1682 543 1748 perpetuo
557 1671 675 1729 volitare
689 1670 798 1728 invicta
810 1689 864 1746 per
877 1689 993 1744 aevom,

265 1782 344 1823 nnnc
359 1781 422 1839 age,
439 1762 562 1821 summai
576 1760 724 1836 quaedam
737 1761 774 1819 sit
785 1761 853 1820 finis
867 1779 970 1821 eorum

265 1872 360 1912 necne
375 1854 419 1925 sit,
435 1851 621 1925 evolvamus;
644 1851 716 1909 item
729 1849 812 1927 quod
825 1852 914 1910 inane
927 1864 1102 1929 repertumst

264 1963 316 2002 seu
330 1945 412 2003 locus
426 1963 461 2001 ac
475 1943 610 2019 spatium,
624 1961 671 2000 res
684 1942 715 2000 in
728 1960 789 2018 quo
803 1960 939 2021 quaeque
952 1955 1095 2021 gerantur,
1119 1963 1168 2019 955

265 2035 465 2113 pervideamus
479 2044 575 2093 utrum
589 2033 704 2091 finitum
719 2032 850 2092 funditus
863 2052 953 2092 omne

265 2135 379 2184 constet
392 2144 431 2183 an
443 2126 619 2183 immensum
632 2133 732 2199 pateat
744 2134 884 2199 vasteque
898 2126 1086 2201 profundum.

306 2217 402 2277 Omne
416 2215 497 2291 quod
511 2224 555 2274 est
568 2215 653 2291 igitur
665 2215 745 2273 nulla
757 2215 877 2291 regione
891 2217 1002 2275 viarum

264 2308 423 2380 finitumst3
444 2323 570 2381 namque
585 2315 750 2363 extremum
765 2305 894 2366 debebat
908 2306 1026 2367 habere.

264 2408 426 2457 extremum
439 2415 526 2471 porro
540 2396 645 2455 nullius
659 2414 748 2472 posse
762 2397 879 2456 videtur
1118 2406 1169 2473 960

264 2507 337 2560 esse,
351 2487 406 2553 nisi
420 2487 493 2545 ultra
505 2486 542 2545 sit
557 2485 639 2561 quod
652 2487 755 2561 finiat3
777 2497 810 2546 ut
823 2487 957 2547 videatur

263 2597 324 2654 quo
338 2596 400 2636 non
413 2577 527 2653 longius
541 2576 616 2635 haec
630 2595 733 2636 sensus
746 2588 849 2637 natura
862 2589 1008 2654 sequatur.

263 2688 343 2728 nunc
359 2678 438 2727 extra
452 2686 596 2727 summam
610 2669 751 2744 quoniam
764 2669 805 2727 nil
820 2688 883 2727 esse
897 2668 1058 2743 fatendum,

179 2757 181 2761 ⁴
264 2777 324 2818 non
340 2759 427 2817 habet
440 2768 613 2833 extremum,
628 2769 709 2818 earet
723 2777 793 2835 ergo
807 2759 866 2817 fine
880 2759 1040 2835 modoque.

263 2868 320 2908 nec
334 2850 419 2908 refert
433 2850 537 2924 quibus
552 2838 675 2908 adsistas
688 2850 855 2925 regionibus
869 2851 950 2924 eius;
1119 2858 1167 2924 965

263 2958 356 3015 usque
371 2940 456 3011 adeo,
472 2958 562 3015 quem
576 2941 700 3015 quisque
713 2940 813 2998 locum
826 2940 967 3015 possedit,
982 2942 1013 3000 in
1026 2942 1122 3000 omnis

263 3030 435 3089 tantundem
449 3032 538 3105 partis
551 3032 696 3089 infinitum
712 3048 800 3087 omne
814 3030 958 3106 relinquit.

263 3131 412 3199 praeterea
426 3122 450 3179 si
464 3122 522 3179 iam
536 3122 651 3179 finitum
666 3121 858 3178 constituatur

263 3230 352 3271 omne
367 3211 448 3287 quod
463 3221 507 3270 est
520 3212 654 3287 spatium,
670 3210 760 3285 siquis
773 3220 925 3285 procurrat
938 3210 977 3269 ad
991 3230 1056 3270 oras

263 3301 379 3377 ultimus
395 3312 538 3360 extremas
552 3300 695 3374 iaciatque
711 3299 825 3359 volatile
838 3300 939 3372 telum,
1118 3323 1169 3375 9⁷0

263 3392 295 3451 id
308 3393 410 3451 validis
424 3400 520 3448 utrum
535 3398 701 3449 contortum
715 3389 822 3447 viribus
836 3389 876 3447 ire

264 3501 324 3558 quo
339 3482 424 3540 suerit
436 3481 557 3539 missum
572 3480 662 3538 mavis
676 3480 824 3555 longeque
839 3481 947 3553 volare,
