2792 4025
219 281 286 352 1v.]
460 281 515 334 na
542 280 688 354 neuun
716 278 888 334 uarum
1063 275 1119 322 111

258 444 288 501 N
290 461 325 500 ec
338 451 437 501 tamen
450 441 499 500 hic
513 442 615 500 oculos
629 441 686 498 falli
700 440 890 499 concedimus
904 439 995 500 hilum

217 551 287 593 nam
301 550 489 609 quocumque
502 533 570 590 loco
584 533 620 590 sit
634 533 683 589 lux
696 541 784 606 atque
798 533 902 590 umbra
913 533 989 592 tueri
1075 539 1126 604 380

218 623 332 682 illomm
346 632 409 696 est3
423 622 529 680 eadem
542 641 612 682 vero
627 623 684 680 sint
697 622 808 680 lumina
820 641 926 694 necne,

218 714 378 788 umbraque
393 731 468 788 quae
483 713 536 770 suit
551 713 599 770 hic
614 711 720 770 eadem
734 731 815 771 nunc
828 722 956 773 transeat
969 713 1045 786 illuc,

219 823 258 862 an
271 804 369 879 potius
383 804 432 861 fiat
446 804 534 878 paulo
548 801 631 878 quod
645 802 771 862 diximus
785 813 863 877 ante,

219 893 277 952 hoc
291 894 381 952 animi
395 894 517 952 demum
531 894 605 950 ratio
620 892 786 952 discernere
800 894 900 967 debet,

219 1002 276 1043 nec
291 993 414 1059 possunt
428 984 507 1042 oculi
520 995 653 1043 naturam
668 1003 789 1044 noscere
803 1004 908 1043 rerum.
1047 995 1051 999 ’
1077 991 1126 1056 ³⁸5

145 1132 150 1138 ,
219 1072 344 1150 proinde
360 1075 450 1132 animi
463 1075 563 1133 vitium
578 1076 636 1133 hoc
651 1076 744 1134 oculis
758 1075 906 1150 adfingere
921 1074 991 1133 noli.

220 1182 280 1239 qua
292 1164 425 1222 vehimur
438 1166 512 1237 navi,
528 1165 625 1237 fertur,
640 1185 709 1223 cum
723 1176 797 1224 stare
811 1165 947 1237 videtur3

220 1272 297 1330 quae
311 1266 411 1314 manet
424 1256 454 1314 in
468 1257 601 1327 statione,
616 1273 651 1314 ea
664 1266 780 1331 praeter
792 1254 918 1313 creditur
931 1255 981 1313 ire.

220 1356 251 1404 et
264 1347 365 1422 sugere
380 1347 419 1404 ad
432 1348 555 1422 puppim
570 1347 658 1404 colles
673 1346 828 1421 campique
842 1345 978 1403 videntur

221 1453 296 1512 quos
310 1438 421 1512 agimus
435 1447 549 1512 praeter
564 1455 669 1495 navem
684 1438 812 1511 velisque
827 1437 970 1494 volamus.
1079 1454 1128 1507 390

221 1526 317 1585 sidera
330 1546 442 1586 cessare
457 1528 592 1586 aetheriis
607 1526 704 1584 adfixa
718 1527 849 1585 cavernis

222 1628 330 1676 cuncta
341 1617 483 1690 videntur,
499 1627 528 1676 et
541 1616 666 1676 adsiduo
681 1627 749 1675 sunt
762 1617 863 1674 omnia
876 1624 969 1689 motu,

223 1707 464 1784 quandoquidem
477 1709 581 1784 longos
595 1709 691 1767 obitus
706 1718 807 1766 exorta
819 1707 955 1779 revisunt,

222 1817 290 1856 cum
304 1817 459 1874 permensa
472 1818 526 1858 suo
540 1809 607 1856 sunt
621 1799 736 1857 caelum
750 1815 873 1872 corpore
887 1797 975 1855 claro.

222 1889 325 1962 solque
340 1890 401 1964 pari
415 1890 527 1947 ratione
541 1907 660 1948 manere
675 1898 706 1946 et
719 1889 788 1946 luna
800 1887 938 1946 videntur
1081 1903 1127 1958 395

223 1977 254 2038 in
268 1979 402 2052 statione,
418 1997 541 2054 eaquae
555 1979 622 2037 ferri
635 1997 681 2037 res
696 1977 806 2037 indicat
821 1976 891 2054 ipsa

223 2070 420 2143 exstantisque
436 2070 538 2144 procul
551 2069 651 2128 medio
665 2068 704 2127 de
718 2068 828 2145 gurgite
844 2068 951 2127 montis

224 2159 362 2217 classibus
376 2159 451 2216 inter
464 2177 539 2233 quos
552 2160 625 2216 liber
638 2168 720 2234 patet
734 2160 828 2216 exitus
843 2158 957 2233 ingens,

224 2248 318 2307 insula
332 2250 496 2307 coniunctis
510 2258 609 2307 tamen
624 2268 661 2306 ex
675 2248 720 2306 his
734 2267 793 2305 una
807 2247 931 2307 videtur.

224 2339 296 2397 atria
308 2340 414 2397 versari
430 2348 460 2397 et
474 2339 702 2397 circumcursare
717 2339 871 2396 columnae
1081 2357 1131 2405 400

223 2448 319 2506 usque
333 2429 409 2487 adeo
423 2429 456 2487 fit
468 2430 510 2487 uti
524 2421 620 2504 pueris
633 2428 796 2500 videantur,
811 2429 862 2486 ubi
876 2427 931 2503 ipsi

224 2521 374 2579 desierunt
387 2520 468 2593 verti,
482 2520 530 2578 vix
543 2529 575 2578 ut
589 2519 647 2578 iam
662 2518 783 2577 credere
797 2519 912 2594 possint

223 2630 284 2670 non
300 2628 386 2686 supra
399 2629 463 2669 sese
476 2628 559 2668 ruere
574 2610 674 2669 omnia
685 2619 766 2668 tecta
778 2608 891 2668 minari.

223 2703 341 2777 iamque
354 2702 473 2759 mbrum
487 2701 615 2759 tremulis
630 2701 714 2759 iubar
727 2699 843 2775 ignibus
857 2699 966 2774 erigere
981 2698 1037 2755 alte

224 2810 292 2851 cum
308 2794 429 2867 coeptat·
442 2800 544 2849 natura
558 2809 703 2866 supraque
718 2790 856 2848 extollere
870 2798 995 2861 montes,
1082 2804 1129 2857 405

224 2900 299 2957 quos
313 2882 365 2939 tibi
377 2890 441 2939 tum
454 2900 541 2957 supra
555 2882 599 2940 sol
613 2881 720 2939 montis
735 2898 798 2938 esse
811 2879 928 2938 videtur

225 2972 391 3030 comminus
405 2972 467 3047 ipse
482 2989 535 3030 suo
550 2973 725 3046 contingens
739 2969 865 3028 fervidus
880 2969 950 3045 igni,

225 3062 274 3120 vix
287 3062 393 3146 absunt
405 3062 491 3120 nobis
506 3062 609 3120 missus
622 3062 667 3119 bis
681 3061 759 3119 mille
774 3061 905 3135 sagittae,

223 3152 273 3211 vix
286 3152 373 3210 etiam
387 3170 488 3211 cursus
502 3153 677 3227 quingentos
690 3169 780 3226 saepe
793 3150 904 3208 veruti:

224 3242 301 3301 inter
313 3260 365 3301 eos
379 3242 531 3318 solemque
544 3243 641 3300 iacent
654 3242 794 3299 immania
806 3241 893 3316 ponti,
1083 3257 1132 3304 410

225 3350 356 3407 aequora
369 3334 512 3391 substrata
523 3332 658 3391 aetheriis
672 3332 837 3408 ingentibus
851 3331 919 3403 oris,

225 3423 436 3498 interiectaque
451 3433 519 3481 sunt
532 3432 671 3481 terrarum
684 3424 765 3480 milia
776 3422 868 3480 multa

226 3532 302 3590 quae
316 3514 410 3574 variae
423 3515 549 3574 retinent
562 3524 664 3590 gentes
678 3523 708 3573 et
721 3513 818 3573 saecla
832 3512 966 3570 ferarum.
