2792 4025
231 272 270 341 l.]
469 271 524 325 DE
550 271 697 325 RERUM
726 271 899 326 NATURA
1093 276 1131 324 21

227 442 258 492 et
271 433 425 492 labefactat
438 450 499 506 eos,
514 432 594 492 unde
608 433 710 491 omnia
722 432 835 492 credita
846 433 988 510 pendent,

227 524 308 583 unde
322 523 371 582 hic
385 523 520 600 oognitus
533 534 578 582 est
592 524 647 599 ipsi
661 541 752 599 quem
763 524 898 582 nominat
911 526 1028 601 ignem3
1085 532 1134 599 ⁶95

227 614 413 673 creditenim
429 633 532 673 sensus
547 615 646 690 ignem
659 633 840 690 cognoscere
854 633 930 687 vere,
1024 680 1027 684 ,

227 714 327 763 cetera
339 723 401 763 non
414 704 517 777 credit,
533 723 608 779 quae
623 705 684 764 nilo
697 706 777 763 clara
788 706 886 764 minus
898 714 975 765 sunt

228 794 311 871 quod
325 795 397 853 mihi
409 814 479 854 cum
492 814 601 853 vanum
614 805 677 854 tum
691 794 816 854 delirum
828 814 894 854 esse
907 795 1042 870 videtur3

228 904 290 962 quo
304 886 462 945 referemus
476 887 576 944 enim?
595 884 769 962 quidnobis
783 887 889 945 certius
902 886 972 961 ipsis

228 976 361 1035 sensibus
375 995 440 1035 esse
453 986 560 1052 potest,
575 977 627 1051 qui
639 996 709 1035 vera
721 996 758 1035 ac
770 976 843 1035 salsa
854 977 1013 1036 notemus?
1089 996 1137 1043 700

228 1076 382 1145 praeterea
394 1085 487 1142 quare
499 1067 654 1142 quisquam
668 1068 761 1143 magis
775 1068 876 1125 omnia
888 1068 971 1126 tollat

229 1168 261 1216 et
273 1158 343 1217 velit
357 1157 468 1215 ardoris
482 1167 615 1215 naturam
629 1158 760 1231 linquere
775 1158 877 1228 solam,

230 1266 320 1324 quam
333 1257 423 1323 neget
434 1266 499 1306 esse
513 1247 597 1322 ignis,
611 1247 727 1323 quidvis
740 1257 840 1305 tamen
853 1265 918 1306 esse
931 1247 1095 1322 relinquat?

229 1357 326 1414 aequa
339 1338 455 1397 videtur
469 1338 548 1396 enim
561 1338 712 1397 dementia
725 1338 825 1396 dicere
838 1347 1004 1412 utrumque.

270 1429 458 1505 Quapropter
470 1429 522 1503 qui
535 1428 686 1487 materiem
700 1447 797 1487 rerum
810 1446 874 1486 esse
889 1437 1026 1504 putarunt
1091 1446 1137 1499 705

229 1520 330 1595 ignem
343 1529 432 1594 atque
446 1538 484 1577 ex
498 1519 557 1595 igni
572 1538 717 1577 summam
732 1519 891 1577 consistere
905 1536 1002 1594 posse,

231 1620 262 1669 et
276 1611 327 1686 qui
340 1610 517 1687 principium
531 1609 687 1685 gignundis
701 1610 769 1669 aeta
781 1610 868 1668 rebus

231 1701 419 1774 constituere,
433 1710 485 1758 aut
498 1718 631 1758 umorem
645 1701 825 1777 quicumque
838 1708 978 1776 putanrnt

230 1792 341 1867 tingere
355 1810 401 1849 res
416 1792 513 1866 ipsum
526 1809 634 1867 perse,
649 1801 791 1849 terramve
804 1808 903 1848 creare

230 1882 331 1941 onmia
345 1890 375 1940 et
388 1881 419 1940 in
431 1900 528 1939 rerum
542 1890 658 1939 naturas
671 1882 777 1939 vertier
789 1881 895 1952 omnis,
1092 1898 1141 1945 710

231 1992 340 2048 magno
353 1961 443 2049 op‘ere
457 1991 477 2032 a
489 1990 559 2032 vero
572 1972 661 2048 longe
674 1972 806 2031 derrasse
819 1970 962 2030 videntur.

230 2062 310 2122 adde
324 2065 414 2122 etiam
426 2064 479 2138 qui
492 2061 704 2138 conduplicant
716 2061 876 2139 primordia
888 2081 986 2121 rerum

216 2139 300 2246 Quieta
312 2154 466 2230 iungentes
481 2154 541 2230 igni
555 2163 721 2230 terramque
735 2152 869 2234 liquori)
886 2141 922 2223 f,
937 2125 1055 2220 Μ
1074 2117 1138 2241 454
1164 2142 1200 2193 Q
1210 2141 1228 2196 3
1238 2120 1293 2247 ζῆ·
1302 2121 1360 2246 (it,

232 2253 263 2303 et
276 2245 326 2321 qui
339 2254 477 2320 quattuor
489 2263 528 2302 ex
540 2245 628 2303 rebus
641 2261 729 2319 posse
742 2243 844 2301 omnia
856 2251 956 2300 rentur
997 2228 1045 2284 12¹*
1059 2235 1067 2283 t'
1098 2230 1130 2284 “l
1143 2251 1149 2274 ⁵
1160 2258 1182 2284 ν»
1207 2251 1221 2289 <
1263 2244 1330 2300 ter-¹„
1345 2270 1365 2316 ,q

232 2353 271 2394 ex
283 2335 344 2411 igni
356 2344 432 2394 terra
444 2345 532 2412 atque
546 2335 644 2393 anima
656 2350 844 2408 procrescere
858 2339 889 2390 et
901 2331 995 2390 imbri
1091 2350 1139 2403 715
1225 2320 1229 2337 '

232 2444 358 2501 quorum
371 2427 583 2502 Acragantinus
597 2442 666 2482 cum
680 2424 780 2500 primis
795 2421 995 2498 Empedocles
1008 2431 1061 2494 est,
1079 2424 1097 2484 ζ
1110 2416 1183 2510 'th
1210 2419 1240 2471 ,ί
1255 2470 1258 2477 ,
1322 2432 1340 2472 .·
1363 2473 1369 2491 ,

232 2516 327 2574 insula
339 2535 430 2592 quem
444 2517 590 2591 triquetris
603 2524 745 2574 terrarum
757 2513 845 2590 gessit
858 2507 969 2585 iii'ofrs,
1076 2523 1151 2585 Q*
1166 2530 1190 2549 ¹⁵
1247 2502 1253 2532 ¹

233 2625 323 2682 quam
336 2606 451 2666 fluitans
465 2607 578 2665 circum
592 2605 705 2682 magnis
718 2605 896 2664 anfractibus
908 2620 1020 2679 aequor
1091 2616 1097 2634 ·
1142 2631 1145 2642 ·

234 2697 354 2756 Ionium
366 2698 476 2774 glaucis
490 2698 617 2774 aspargit
629 2697 707 2755 virus
720 2694 868 2768 abundis,

233 2797 417 2864 angustoque
432 2789 506 2848 fretu
519 2787 655 2865 rapidum
669 2805 749 2844 mare
764 2784 868 2844 dividit
879 2783 967 2843 undis
1093 2802 1143 2849 720

234 2879 335 2937 Italiae
349 2889 488 2938 terrarum
501 2898 567 2938 oras
581 2898 599 2936 a
612 2878 719 2936 finibus
733 2876 805 2934 eius.

234 2969 284 3028 hic
296 2978 342 3029 est
355 2980 437 3029 vasta
451 2969 615 3047 Charybdis
629 2977 661 3027 et
674 2967 724 3026 hic
737 2968 871 3025 Aemaea
881 2966 1030 3025 minantrn

234 3079 383 3119 murmura
395 3061 576 3120 flammarum
589 3079 704 3119 rursum
717 3077 750 3118 se
765 3057 902 3133 colligere
915 3056 980 3127 iras,

235 3150 367 3210 saucibus
381 3161 499 3228 eruptos
513 3153 617 3211 iterum
629 3151 673 3211 vis
685 3159 720 3208 ut
732 3157 834 3208 vomat
846 3147 921 3225 ignis

235 3239 275 3299 ad
288 3242 461 3318 caelumque
474 3244 548 3302 ferat
560 3241 688 3301 flammai
702 3241 816 3318 fulgura
827 3257 950 3299 rursum.
1094 3253 1141 3307 7²5

235 3350 312 3406 quae
326 3351 395 3390 eum
409 3352 516 3409 magna
525 3334 621 3393 modis
635 3335 733 3393 multis
748 3327 1010 3392 mirandmideur

236 3422 370 3498 gentibus
384 3423 518 3483 humanis
531 3425 611 3501 regio
625 3425 805 3500 visendaque
818 3424 915 3494 sertin,

235 3512 322 3573 rebus
336 3513 436 3590 opima
446 3515 540 3588 bonis,
554 3516 646 3575 multa
659 3516 771 3576 munita
782 3514 876 3573 virum
888 3511 926 3584 vi,
