2792 4025
258 284 323 348 214
594 283 831 369 Lucnnrrup
1096 288 1166 361 [vr.

255 445 435 523 corporibus,
449 454 549 505 tamen
562 445 682 504 alituum
696 463 790 521 genus
803 453 892 522 atque
907 445 1034 507 seranum

254 548 305 595 aut
318 537 419 612 procul
433 536 592 612 apsiliebat,
606 545 639 593 ut
652 553 751 594 acrem
764 536 873 596 exciret
886 536 1021 612 odorem,

254 636 313 698 aut,
327 628 377 685 ubi
390 635 525 703 gustarat,
540 626 695 701 languebat
707 636 802 685 morte
816 628 992 703 propinqua.

253 735 310 775 nec
323 726 423 775 tamen
436 716 558 775 omnino
573 726 683 774 temere
697 716 751 773 illis
765 716 874 775 solibus
888 717 946 777 ulla
1199 790 1203 797 Ι

253 807 442 883 comparebat
455 807 525 877 avis,
540 824 596 864 nec
609 807 701 864 tristia
715 806 812 864 saecla
824 806 950 866 serarum
1098 830 1163 867 1220

252 897 389 956 excibant
403 897 488 955 silvis.
503 896 679 971 languebant
692 895 831 971 pleraque
845 897 951 957 morbo

252 997 282 1045 et
295 988 500 1046 moriebantur.
515 1005 583 1044 curn
597 986 697 1061 primis
711 984 772 1044 fida
784 1005 893 1045 canum
905 988 949 1046 vis

251 1087 339 1136 strata
351 1078 404 1135 viis
418 1077 545 1134 animam
559 1076 689 1152 ponebat
703 1077 734 1134 in
747 1077 885 1137 omnibus
897 1094 985 1154 aegre
996 1098 1005 1152 3

250 1168 442 1243 extorquebat
456 1168 535 1225 enim
548 1168 637 1224 vitam
651 1167 693 1225 vis
710 1166 846 1226 morbida
858 1168 1007 1229 membris

254 1256 438 1335 [incomitata
451 1258 513 1333 rapi
527 1257 678 1316 certabant
691 1258 795 1315 funera
806 1256 914 1336 vasta]

248 1365 305 1407 nec
318 1348 392 1406 ratio
406 1347 518 1406 remedi
532 1346 697 1405 communis
711 1358 791 1405 certa
804 1346 929 1407 dabatur
936 1368 948 1423 3
1092 1368 1156 1424 1225

247 1456 318 1497 nam
332 1436 414 1514 quod
428 1438 466 1495 ali
481 1436 604 1495 dederat
619 1437 712 1495 vitalis
726 1437 800 1495 aeris
812 1456 897 1497 auras

246 1530 362 1587 volvere
376 1529 407 1587 in
421 1545 472 1586 ore
486 1528 573 1585 licere
588 1536 619 1586 et
632 1527 706 1586 caeli
717 1528 828 1602 templa
841 1528 925 1602 tueri,

247 1618 305 1677 hoc
319 1618 381 1676 aliis
394 1627 456 1677 erat
469 1618 558 1676 exitio
571 1616 721 1692 letumque
734 1618 862 1693 parabat

246 1708 318 1766 illud
332 1709 361 1767 in
376 1708 420 1767 his
433 1708 520 1767 rebus
534 1707 733 1766 miserandum
746 1725 925 1784 magnopere
938 1727 1032 1769 unum

246 1799 443 1858 aerumnabile
457 1808 527 1870 erat,
541 1796 623 1873 quod
637 1798 688 1856 ubi
702 1815 733 1857 se
748 1799 872 1874 quisque
885 1798 1004 1860 videbat
1088 1822 1155 1874 1230

245 1889 418 1964 implicitum
432 1888 547 1960 morb0,
562 1889 648 1946 morti
662 1887 817 1947 damnatus
830 1900 863 1949 ut
877 1899 964 1964 esset,

245 1978 387 2038 deficiens
397 1979 496 2038 animo
510 1988 623 2038 maesto
637 1997 706 2039 cum
719 1978 811 2038 corde
825 1980 949 2055 iacebat,

243 2071 346 2128 funera
359 2079 526 2145 respectans
541 2070 670 2128 animam
683 2070 836 2129 amittebat
849 2070 970 2131 ibidem.

243 2161 354 2236 quippe
369 2161 477 2218 etenim
492 2159 571 2218 nullo
586 2160 739 2218 cessabant
753 2170 886 2236 tempore
900 2161 993 2237 apisci
1086 2182 1149 2237 1²35

243 2270 281 2309 ex
294 2252 356 2309 aliis
369 2250 441 2309 alios
454 2249 530 2308 avidi
546 2250 681 2324 contagia
694 2251 799 2322 morbi,

242 2341 384 2417 lanigeras
398 2351 547 2415 tamquam
561 2339 692 2416 pecudes
707 2351 737 2398 et
751 2340 860 2399 bucera
873 2342 978 2402 saecla

242 2431 332 2506 idque
346 2432 392 2490 vel
405 2432 435 2489 in
448 2431 547 2506 primis
562 2431 729 2490 cumulabat
742 2432 843 2489 funere
857 2432 953 2491 funus.

241 2539 310 2580 nam
326 2522 503 2596 quicumque
518 2539 586 2579 suos
599 2521 761 2596 fugitabant
773 2522 864 2580 visere
878 2521 918 2582 ad
931 2540 1043 2599 aegros,

241 2615 309 2672 vitai
323 2614 445 2672 nimium
459 2612 583 2689 cupidos
598 2613 756 2688 mortisque
771 2615 899 2674 timentis
1083 2638 1148 2688 1240

241 2705 381 2779 poenibat
394 2704 481 2780 paulo
496 2713 562 2780 post
575 2703 652 2778 turpi
665 2714 759 2762 morte
773 2704 917 2780 malaque,

241 2794 381 2866 desertos,
395 2795 460 2870 opis
475 2795 607 2870 expertis,
622 2794 733 2851 incuria
745 2804 883 2855 mactans,

241 2885 292 2960 qui
306 2886 418 2943 fuerant
431 2894 529 2942 autern
543 2893 667 2960 praesto,
683 2885 854 2959 contagibus
867 2886 949 2944 ibant

240 2985 329 3049 atque
343 2975 450 3046 labore,
465 2973 562 3050 pudor
574 2991 664 3049 quem
678 2983 741 3032 tum
755 2976 879 3050 cogebat
893 2976 975 3035 obire

239 3063 406 3140 blandaque
420 3064 560 3123 lassorum
573 3083 631 3122 vox
644 3064 735 3122 mixta
748 3083 822 3122 voce
836 3067 992 3140 querellae.
1081 3086 1143 3140 ¹²45

239 3155 368 3232 optimus
382 3155 440 3213 hoe
453 3155 503 3214 leti
516 3173 608 3230 genus
622 3172 692 3230 ergo
707 3154 830 3230 quisque
844 3155 969 3216 subibat

239 3336 329 3410 inque
343 3335 405 3393 aliis
419 3334 516 3406 alium,
531 3334 674 3409 populum
688 3334 811 3408 sepelire
825 3352 944 3394 suorum

239 3433 402 3483 certantes:
424 3424 548 3482 lacrimis
562 3424 629 3481 lassi
642 3424 778 3498 luctuque
793 3424 946 3498 redibant3
