2792 4025
242 254 292 325 V.]
476 256 531 309 DE
557 258 705 310 RERUM
733 256 905 309 NATURA
1085 259 1144 323 149

241 432 278 472 ex
292 415 406 475 infinito
419 426 487 475 sunt
500 436 626 492 corpora
639 418 721 491 plura
734 427 854 489 coorta;

240 505 310 563 inde
325 507 435 565 cadunt
447 509 521 565 vires
535 508 631 582 aliqua
643 508 756 566 ratione
770 508 905 578 revictae,

142 604 149 616 '
240 605 290 654 aut
303 607 428 672 pereunt
441 616 487 656 res
501 608 619 655 exustae
633 598 809 656 torrentibus
823 597 908 656 auris.
1096 620 1146 667 410

240 705 325 744 umor
339 688 408 745 item
423 688 574 762 quondam
588 688 688 763 coepit
702 706 836 760 superare
851 696 978 759 coortus,

240 786 273 833 ut
286 776 363 834 sarna
377 787 430 849 est,
445 778 598 836 hominum
611 778 718 836 multas
732 777 852 852 quando
867 778 963 835 obruit
976 777 1065 837 urbis.

240 866 310 924 inde
324 868 430 926 ubivis
444 868 540 943 aliqua
552 869 664 927 ratione
678 886 779 925 aversa
792 869 919 941 recessit,

241 975 278 1015 ex
293 958 405 1016 infinito
420 958 512 1015 fuerat
526 975 730 1033 quaecumque
745 968 855 1028 coorta,

240 1049 433 1107 constiterunt
446 1049 553 1107 imbres
567 1059 596 1106 et
610 1049 730 1107 flumina
742 1048 801 1105 vim
816 1048 993 1106 minuerunt.
1095 1068 1125 1117 41
1130 1066 1143 1120 ς

280 1138 339 1197 Sed
353 1140 459 1213 quibus
473 1139 519 1196 ille
535 1138 631 1197 modis
645 1138 797 1196 coniectus
812 1137 941 1196 materiai

238 1228 365 1285 fundarit
379 1238 483 1286 terram
498 1239 528 1287 et
541 1229 656 1286 caelum
670 1229 813 1304 pontique
828 1226 981 1304 profunda,

238 1318 306 1375 solis
321 1319 398 1376 lunai
412 1338 522 1390 cursus,
536 1336 574 1376 ex
587 1318 690 1377 ordine
705 1336 824 1393 ponam.

238 1426 306 1466 nam
321 1419 400 1465 certe
414 1426 512 1483 neque
526 1409 649 1466 consilio
663 1408 822 1483 primordia
835 1426 931 1465 rerum
1019 1442 1022 1447 ‹

237 1498 340 1556 ordine
355 1517 386 1557 se
400 1517 454 1556 suo
469 1516 603 1573 quaeque
617 1499 714 1573 sagaci
728 1507 827 1555 mente
841 1498 975 1556 locarunt
1093 1518 1143 1565 420

237 1606 294 1645 nec
308 1607 382 1663 quos
397 1606 531 1664 quaeque
546 1588 650 1646 darent
663 1598 761 1645 motus
774 1588 912 1663 pepigere
928 1587 1070 1661 profecto,

236 1677 290 1736 sed
304 1679 372 1753 quia
384 1678 476 1736 multa
488 1677 584 1737 modis
598 1679 695 1737 multis
709 1677 867 1754 primordia
875 1695 976 1736 vrerum

236 1785 274 1826 ex
287 1768 402 1826 infinito
415 1769 473 1826 iam
487 1778 620 1844 tempore
634 1769 745 1844 percita
758 1769 850 1843 plagis

235 1858 474 1934 ponderibusque
489 1859 548 1917 suis
562 1869 741 1917 consuerunt
755 1859 872 1917 concita
885 1858 951 1915 ferri

236 1948 475 2025 omnimodisque
490 1950 570 2007 coire
584 1959 673 2026 atque
687 1949 787 2007 omnia
801 1958 1005 2024 pertemptare,
1093 1965 1140 2020 ⁴²⁵

236 2058 441 2116 quaecumque
456 2042 531 2098 inter
545 2059 576 2098 se
590 2051 711 2116 possent
726 2057 883 2115 congressa
896 2056 1005 2110 creare,
1069 2033 1071 2039 ’

235 2141 392 2206 propterea
406 2131 438 2188 fit
452 2131 493 2189 uti
509 2149 647 2206 magnum
662 2131 778 2206 volgata
791 2147 844 2204 per
857 2147 962 2188 aevom

236 2239 325 2279 omne
339 2239 432 2296 genus
445 2230 547 2280 coetus
561 2230 591 2279 et
605 2231 702 2279 motus
716 2239 753 2279 ex
767 2219 911 2296 periundo

235 2310 357 2369 tandem
371 2312 548 2369 conveniant
562 2329 599 2368 ea
613 2329 688 2386 quae
704 2321 848 2368 convecta
861 2318 982 2385 repente

236 2419 406 2477 magnarum
421 2421 518 2459 rerum
532 2401 605 2459 fiunt
619 2400 740 2459 exordia
753 2418 851 2475 saepe,
1092 2419 1141 2470 430

235 2492 319 2549 terrai
334 2494 419 2550 maris
434 2501 463 2549 et
477 2492 550 2550 caeli
564 2492 736 2568 generisque
751 2491 940 2548 animantum.

276 2582 337 2639 Hic
351 2599 448 2656 neque
463 2592 525 2639 tum
540 2583 609 2640 solis
622 2593 687 2640 rota
701 2580 780 2638 cerni
794 2579 902 2637 lumine
917 2579 997 2654 largo

236 2671 385 2729 altivolans
399 2681 513 2747 poterat
526 2691 583 2730 nec
598 2672 696 2748 magni
711 2671 805 2729 sidera
819 2669 921 2727 mundi

235 2779 291 2818 nec
306 2780 385 2818 mare
400 2779 455 2819 nec
470 2762 584 2819 caelum
599 2781 656 2820 nec
670 2762 799 2836 denique
813 2770 887 2818 terra
901 2777 997 2834 neque
1012 2759 1061 2818 air

235 2852 292 2908 n'ec
307 2851 406 2909 similis
419 2851 524 2910 nostris
537 2852 624 2910 rebus
638 2871 684 2910 res
697 2853 755 2909 ulla
768 2849 869 2922 videri,
1090 2869 1122 2921 43
1124 2868 1138 2921 5

235 2940 289 2998 sed
302 2959 379 2998 nova
392 2951 550 3016 tempestas
564 2941 711 3018 quaedam
725 2942 875 3016 molesque
890 2949 991 2998 coorta

235 3048 324 3088 omne
338 3049 429 3106 genus
444 3030 482 3090 de
496 3032 654 3108 principib,
668 3030 816 3110 discordia
829 3047 953 3107 quorum

235 3121 384 3179 intervalla
396 3122 456 3180 vias
470 3139 599 3180 cone-xus
614 3121 748 3197 pondera
761 3122 860 3196 plagas

236 3228 395 3270 concursus
412 3221 509 3270 motus
525 3213 657 3271 turbabat
671 3212 781 3287 proelia
794 3211 931 3283 miscens,
969 3245 971 3248 ·
999 3244 1004 3252 -

236 3310 356 3376 propter
368 3301 514 3360 dissimilis
530 3303 636 3361 sonnas
650 3303 801 3376 variasque
815 3302 920 3376 figuras
1088 3320 1139 3369 440

236 3389 318 3465 quod
331 3409 393 3450 non
407 3393 507 3451 omnia
519 3393 560 3451 sic
571 3401 709 3468 poterant
722 3393 879 3450 coniuncta
889 3408 1009 3448 manere

236 3499 294 3540 nec
308 3491 406 3541 motus
419 3483 494 3540 inter
507 3490 571 3540 sese
585 3482 655 3540 dare
669 3481 878 3540 convenientis.
