2792 4025
263 248 304 297 22
600 252 833 307 rocREran
1129 256 1169 327 [1.

262 408 303 467 nil
315 416 416 468 tamen
428 407 488 468 hoc
502 410 636 470 habuisse
646 413 710 470 viro
723 413 897 488 praeclarius
912 414 941 472 in
955 431 988 473 se

260 516 318 558 nec
331 509 466 559 sanctum
480 502 572 577 magis
585 513 614 560 et
628 504 733 560 mirum
747 522 905 578 carumque
919 504 1042 563 videtur.
1120 525 1169 576 ⁷30

261 590 391 649 carmina
404 591 476 664 quin
489 592 577 649 etiam
592 592 681 650 divini
695 595 822 668 pectoris
836 596 898 653 eius

260 682 454 740 vociferantur
467 692 497 740 et
511 693 663 757 exponunt
677 684 824 758 praeclara
836 694 960 761 reperta,

260 781 293 829 ut
305 772 354 829 vix
367 772 494 831 humana
508 772 642 831 videatur
655 775 743 850 stirpe
757 785 879 834 creatus.

301 863 361 921 Hic
376 873 475 922 tamen
489 873 518 923 et
532 870 621 939 supra
635 882 710 938 quos
724 864 849 924 diximus
864 866 1014 925 inferiores

259 954 388 1027 partibus
402 955 516 1031 egregie
530 955 627 1013 multis
641 956 794 1030 multoque
808 957 945 1028 minores,
1119 977 1165 1030 735

260 1061 437 1119 quamquam
450 1046 540 1105 multa
553 1046 629 1105 bene
644 1063 679 1102 ac
694 1045 831 1105 divinitus
844 1047 1025 1106 invenientes

260 1151 297 1191 ex
310 1133 399 1211 adyto
413 1145 562 1211 tamquam
576 1134 674 1195 cordis
687 1154 828 1213 responsa
841 1137 952 1196 dedere

259 1226 385 1283 sanctius
400 1235 429 1284 et
443 1227 534 1285 multo
549 1237 629 1286 certa
642 1227 755 1285 ratione
769 1228 862 1303 magis
876 1246 965 1302 quam

259 1315 361 1391 Pythia
374 1334 449 1390 quae
464 1318 570 1393 tripodi
585 1337 603 1376 a
616 1318 729 1376 Phoebi
742 1318 883 1394 lauroque
897 1319 1035 1395 profatur,

257 1406 406 1481 principiis
420 1417 519 1466 tamen
533 1408 564 1466 in
577 1428 674 1467 rerum
688 1409 785 1467 fecere
798 1410 896 1467 ruinas
1118 1428 1167 1478 740

258 1506 287 1553 et
300 1497 422 1572 graviter
435 1500 532 1573 magni
547 1517 655 1574 magno
669 1497 805 1557 cecidere
820 1500 860 1558 ibi
874 1518 943 1557 casu
955 1520 964 1572 ;

238 1576 383 1676 (primum
398 1588 479 1662 quod
494 1600 590 1648 motus
605 1599 745 1665 exempto
759 1590 845 1649 rebus
859 1589 938 1647 inani

233 1681 239 1804 Ι
257 1678 446 1751 constituunt,
461 1688 491 1737 et
503 1698 549 1738 res
563 1680 658 1738 mollis
671 1698 809 1756 rarasque
822 1681 999 1755 relinquont,

256 1768 324 1826 aera
337 1769 428 1827 solem
443 1769 541 1845 ignem
555 1780 644 1829 terras
657 1771 793 1829 animalia
807 1771 903 1846 frugis,

277 1876 312 1916 ec
327 1869 425 1917 tamen
439 1860 602 1919 admiscent
615 1862 646 1919 in
660 1880 762 1921 eorum
777 1880 883 1937 corpus
898 1861 1005 1934 inane3
1116 1878 1162 1931 745

241 1933 364 2021 (deinde
379 1950 460 2025 quod
474 1952 596 2011 omnino
609 1952 700 2011 finem
714 1971 775 2012 non
789 1970 853 2011 esse
868 1951 1004 2011 secandis

240 2024 243 2055 ¹
255 2041 425 2116 corporibus
439 2042 549 2101 faciunt
563 2062 659 2119 neque
673 2062 796 2120 pausam
810 2053 886 2103 stare
900 2042 1005 2119 fragori

239 2058 311 2236 inec
325 2150 457 2206 prorsum
471 2133 501 2189 in
514 2133 600 2192 rebus
613 2134 767 2192 minimum
782 2135 942 2193 consistere
956 2133 1136 2210 quicquam

254 2239 321 2279 cum
334 2221 486 2282 videamus
499 2222 531 2281 id
545 2234 708 2282 extremum
724 2225 868 2300 cuiusque
883 2243 1027 2283 cacumen

253 2329 317 2370 csse
331 2312 413 2388 quod
426 2312 466 2371 ad
479 2332 580 2372 sensus
593 2325 708 2373 nostros
721 2317 876 2374 minimum
891 2334 955 2375 esse
969 2315 1091 2387 videtur,
1115 2334 1164 2386 ⁷50

253 2403 389 2482 conicere
402 2411 436 2460 ut
448 2405 542 2478 possis
556 2423 594 2462 ex
607 2404 675 2478 hoc,
689 2424 765 2480 quae
781 2424 900 2465 cernere
914 2425 975 2464 non
990 2407 1055 2481 quis

252 2502 416 2550 extremum
429 2492 511 2568 quod
524 2494 643 2567 habent,
657 2496 813 2554 minimum
827 2497 985 2555 consistere
999 2498 1030 2555 in
1044 2497 1107 2555 illis.

233 2577 310 2640 fhuc
324 2582 440 2642 accedit
454 2584 533 2656 item,
549 2587 688 2659 quoniam
700 2585 860 2661 primordia
872 2605 970 2646 rerum

154 2701 159 2713 ·
252 2673 351 2730 mollia
363 2674 551 2746 constituunt,
563 2693 639 2750 quae
653 2694 709 2735 nos
723 2678 821 2735 nativa
833 2676 968 2736 videmus

252 2781 315 2822 esse
330 2772 360 2822 et
373 2765 486 2822 mortali
500 2783 570 2824 cum
583 2784 707 2841 corpore
721 2767 861 2839 funditus,
875 2768 961 2844 utqui
1114 2787 1143 2839 75
1146 2787 1159 2838 5

252 2853 359 2912 debeat
372 2854 411 2913 ad
425 2856 515 2913 nilum
530 2857 588 2914 iam
602 2876 697 2915 rerum
712 2876 827 2916 summa
840 2857 945 2918 reverti

252 2944 290 3003 de
304 2945 422 3022 niloque
436 2957 537 3005 renata
550 2948 697 3025 vigescere
713 2949 801 3023 copia
814 2967 930 3022 rerum3

251 3053 376 3109 quorum
390 3046 544 3112 utrumque
560 3038 631 3112 quid
645 3057 663 3096 a
675 3057 746 3097 vero
756 3039 815 3096 iam
829 3038 918 3097 distet
931 3038 1062 3099 habebis.

225 3181 232 3215 l
251 3123 359 3184 deinde
374 3127 492 3186 inimica
506 3128 603 3187 modis
617 3129 715 3187 multis
728 3138 797 3188 sunt
810 3139 899 3204 atque
912 3147 1029 3187 veneno

222 3239 224 3248 ’
250 3216 313 3291 ipsa
327 3217 381 3276 sibi
395 3218 469 3278 inter
482 3237 513 3278 se
525 3240 533 3292 ;
555 3236 644 3293 quare
659 3228 710 3276 aut
724 3237 880 3294 congressa
893 3220 1030 3295 peribunt
1112 3228 1161 3288 760

217 3300 220 3332 ³
249 3317 299 3365 aut
313 3307 353 3367 ita
366 3307 518 3385 diffugient
532 3319 565 3367 ut
579 3319 755 3384 tempestate
770 3319 876 3368 coacta

230 3397 369 3461 xfulmina
382 3399 521 3475 diffugere
535 3410 622 3475 atque
637 3400 736 3458 imbris
750 3410 912 3476 ventosque
925 3398 1069 3460 videmus.

290 3489 428 3566 Denique
442 3499 578 3565 quattuor
592 3507 629 3548 ex
642 3491 729 3548 rebus
744 3490 768 3549 si
781 3500 891 3549 cuncta
904 3502 1040 3550 creantur
