2792 4025
235 275 290 345 ΙΙ.]
478 276 532 327 DE
554 276 699 330 RERUM
728 276 899 331 NATURA
1097 283 1133 349 51

273 438 349 496 Illud
362 438 393 495 in
407 437 450 496 his
465 438 649 513 obsignatum
664 456 783 513 quoque
797 438 883 497 rebus
898 438 1006 498 habere

231 529 369 586 convenit
383 537 412 586 et
426 529 548 586 memori
562 529 733 586 mandatum
748 535 846 587 mente
862 538 971 603 tenere,

231 619 272 677 nil
286 637 358 691 esse,
374 619 403 676 in
417 630 554 694 promptu
570 637 694 694 quorum
710 629 813 677 natura
826 620 952 696 videtur,
1023 608 1030 622 ’

231 709 312 784 quod
326 727 433 785 genere
449 728 485 767 ex
499 728 558 768 uno
573 710 712 767 consistat
726 710 944 785 principiorum,

231 819 287 858 nec
302 801 459 874 quicquam
474 799 556 876 quod
570 819 630 858 non
646 802 789 875 permixto
804 802 915 859 semine
931 811 1054 860 constet.
1087 810 1133 874 585

231 901 261 948 et
275 889 484 965 quodcumque
499 891 590 964 magis
604 892 647 949 vis
661 892 766 948 multas
781 890 911 966 possidet
925 893 955 949 in
969 911 1001 952 se

231 991 319 1055 atque
333 991 502 1056 potestates,
519 982 559 1038 ita
571 982 694 1057 plurima
708 983 917 1056 principiorum

231 1072 261 1128 in
276 1089 340 1130 sese
353 1090 461 1146 genera
475 1091 510 1129 ac
524 1073 615 1129 varias
630 1071 719 1128 docet
733 1089 796 1129 esse
811 1072 925 1146 figuras.

231 1162 375 1238 principio
389 1163 472 1221 tellus
487 1163 575 1221 habet
590 1162 620 1220 in
635 1180 665 1219 se
681 1179 805 1235 corpora
818 1163 912 1237 prima

232 1253 312 1310 unde
326 1271 406 1311 mare
420 1253 584 1311 inmensum
599 1253 748 1310 volventes
762 1252 867 1327 frigora
880 1254 977 1312 fontes

232 1343 354 1402 adsidue
369 1354 518 1415 renovent,
534 1343 622 1401 habet
637 1342 718 1418 ignes
733 1341 812 1400 unde
827 1344 963 1402 oriantur.

232 1453 299 1491 nam
315 1435 411 1492 multis
426 1452 568 1491 succensa
581 1433 653 1491 locis
668 1432 771 1490 ardent
785 1433 847 1490 sola
861 1443 962 1505 terrae,

232 1524 344 1582 eximiis
358 1543 427 1582 vero
441 1525 508 1581 furit
523 1523 636 1598 ignibus
650 1523 777 1597 impetus
792 1525 916 1583 Aetnae.

231 1625 294 1672 turn
308 1633 395 1690 porro
410 1614 515 1672 nitidas
530 1615 625 1688 fruges
640 1615 814 1687 arbustaque
829 1615 905 1672 laeta

231 1706 365 1781 gentibus
379 1705 513 1762 humanis
528 1705 615 1763 habet
629 1703 709 1762 unde
724 1705 861 1762 extollere
876 1704 977 1779 possit,

231 1795 310 1853 unde
326 1796 412 1853 etiam
427 1795 528 1853 fluvios
543 1793 661 1852 frondes
676 1805 705 1852 et
720 1796 827 1869 pabula
841 1795 916 1853 laeta

231 1887 399 1961 montivago
413 1887 511 1960 generi
527 1886 618 1960 possit
632 1886 773 1961 praebere
788 1887 920 1944 serarum.

231 1994 320 2052 quare
335 1995 440 2052 magna
458 1976 546 2034 deum
561 1986 654 2034 mater
667 1985 817 2051 materque
832 1977 957 2035 serarum

231 2077 261 2125 et
274 2068 364 2125 nostri
377 2068 509 2142 genetrix
523 2067 596 2125 haec
611 2067 690 2124 dicta
704 2077 747 2125 est
761 2068 891 2141 corporis
907 2086 973 2125 una.

272 2159 361 2215 Hanc
376 2167 486 2215 veteres
501 2158 621 2217 Graium
636 2158 718 2215 docti
732 2158 865 2215 cecinere
880 2168 987 2233 poetae

232 2337 349 2396 sedibus
364 2339 393 2395 in
409 2357 493 2396 curru
507 2338 621 2413 biiugos
635 2338 743 2412 agitare
758 2338 868 2409 leones,

231 2428 304 2485 aeris
318 2429 347 2485 in
362 2429 456 2503 spatio
470 2447 605 2503 magnam
621 2427 751 2503 pendere
766 2427 909 2485 docentes

231 2519 362 2576 tellurem
376 2537 473 2593 neque
488 2536 575 2593 posse
591 2519 621 2575 in
637 2529 712 2575 terra
725 2520 826 2575 sistere
841 2529 956 2577 terram.

231 2608 389 2666 adiunxere
404 2609 486 2680 seraS,
502 2610 570 2683 quia
584 2610 715 2683 quamvis
731 2609 818 2666 effera
831 2610 928 2684 proles

231 2698 333 2757 officiis
348 2698 437 2757 debet
451 2699 554 2756 molliri
568 2701 645 2756 victa
659 2709 821 2774 parentum.

231 2790 391 2863 muralique
406 2799 495 2864 caput
509 2808 656 2847 summum
672 2791 790 2847 cinxere
806 2808 924 2862 corona,

231 2879 343 2937 eximiis
357 2881 469 2937 munita
482 2880 554 2937 locis
569 2881 637 2954 quia
652 2881 773 2938 sustinet
788 2882 891 2952 urbes;

232 2988 291 3044 quo
306 2988 384 3027 nunc
398 2969 501 3045 insigni
516 2988 569 3045 per
582 2989 702 3045 magnas
717 2970 849 3045 praedita
863 2981 951 3029 terras

231 3059 364 3118 horrifice
378 3061 466 3118 fertur
481 3060 598 3118 divinae
613 3062 712 3118 matris
727 3062 833 3136 imago,

231 3149 307 3208 hanc
321 3152 416 3208 variae
431 3161 532 3225 gentes
547 3152 667 3225 antiquo
682 3169 763 3208 more
779 3170 925 3209 sacrorum

231 3241 351 3299 Idaeam
366 3242 495 3299 vocitant
509 3250 631 3298 matrem
645 3241 842 3317 Phrygiasque
858 3252 987 3299 catervas

230 3331 302 3389 dant
317 3332 449 3402 comites,
464 3332 531 3405 quia
545 3332 671 3405 primum
686 3350 723 3389 ex
736 3331 789 3389 illis
804 3333 909 3391 tinibus
924 3332 1016 3390 edunt

231 3440 284 3498 per
298 3432 436 3480 terrarum
451 3422 553 3479 orbern
569 3423 663 3497 fruges
680 3422 814 3497 coepisse
829 3422 927 3480 creari.

230 3513 321 3589 gallos
335 3512 503 3583 attribuunt,
520 3512 597 3586 quia,
612 3530 724 3570 numen
739 3512 789 3587 qui
803 3512 937 3571 violarint
