2792 4025
272 260 335 323 186
610 248 842 326 nuenarius
1105 270 1174 341 [vt.

269 432 385 491 efficere
399 432 583 507 usqueadeo
597 432 709 508 pellens
724 434 835 489 fervore
850 449 992 490 corusco:

268 533 351 581 tanto
365 525 500 581 mobilior
513 524 555 581 vis
569 534 599 581 et
613 521 812 581 dominantior
825 522 898 579 haec
912 531 965 580 est.

309 614 398 673 Nunc
411 632 447 671 ea
460 633 521 689 quo
535 624 622 689 pacto
636 614 789 688 gignantur
804 622 834 670 et
848 612 957 688 impete
971 621 1053 672 tanto

268 704 340 762 fiant
353 714 385 762 ut
399 704 510 779 possint
525 704 584 762 ictu
599 703 764 761 discludere
780 712 870 773 turris,
1127 724 1175 771 ²40

267 793 427 853 disturbare
441 794 556 866 domos,
571 795 693 853 avellere
708 795 788 868 tigna
802 794 966 867 trabesque,

268 895 298 943 et
312 886 494 943 monimenta
507 886 598 943 virum
613 884 746 943 demoliri
761 895 849 957 atque
863 900 1003 954 cremare,

267 977 432 1033 exanimare
446 975 591 1046 homines,
605 974 736 1051 pecudes
751 986 933 1049 prosternere
948 973 1064 1048 passim,

267 1076 365 1125 cetera
378 1066 416 1125 de
430 1084 536 1142 genere
552 1067 609 1124 hoc
623 1084 682 1141 qua
696 1065 724 1121 vi
739 1066 834 1122 lacere
849 1062 948 1122 omnia
962 1066 1083 1138 possint,

267 1156 430 1232 expediam,
446 1175 543 1230 neque
557 1167 586 1214 te
602 1158 631 1213 in
645 1156 793 1230 promissis
807 1155 890 1230 plura
903 1155 1048 1213 morabor.
1124 1174 1170 1226 ²45

308 1248 441 1304 Fulmina
454 1248 565 1322 gignier
579 1265 596 1305 e
611 1248 713 1304 crassis
728 1249 844 1320 alteque
860 1244 1052 1320 putandumst

265 1338 392 1395 nubibus
406 1338 561 1411 extructis3
582 1356 651 1394 nam
666 1338 749 1394 caelo
762 1336 841 1394 nulla
854 1354 958 1394 sereno

265 1445 321 1485 nec
335 1429 436 1486 leviter
448 1427 546 1485 densis
561 1429 713 1484 mittuntur
727 1427 852 1485 nubibus
868 1444 1015 1500 umquam.

264 1535 334 1575 nam
348 1517 439 1576 dubio
454 1519 554 1593 procul
569 1518 626 1575 hoc
641 1518 702 1574 fieri
718 1518 869 1574 manifesta
882 1515 971 1575 docet
986 1534 1051 1586 res3

264 1607 348 1683 quod
360 1619 423 1666 tum
436 1626 489 1683 per
502 1618 595 1670 totum
611 1618 804 1666 concrescunt
818 1608 885 1665 aera
898 1607 1001 1675 nubes,
1123 1627 1170 1679 ²50

264 1698 395 1773 undique
409 1699 449 1755 uti
464 1699 597 1756 tenebras
611 1699 707 1755 omnis
722 1698 890 1755 Acherunta
902 1715 1017 1755 reamur

263 1788 381 1862 liquisse
395 1798 425 1845 et
439 1807 557 1863 magnas
571 1789 643 1845 caeli
659 1788 823 1863 complesse
838 1806 975 1846 cavernas
987 1808 995 1859 ;

263 1877 448 1952 usqueadeo
464 1888 556 1936 taetra
569 1879 735 1937 nimborum
751 1888 839 1936 nocte
854 1889 956 1936 coorta

263 1967 427 2044 inpendent
441 1978 519 2028 atrae
535 1968 695 2028 formidinis
711 1987 762 2027 ora
776 1987 900 2044 superne

263 2079 332 2118 cum
347 2061 509 2119 commoliri
525 2070 682 2134 tempestas
697 2061 817 2118 fulmina
831 2070 958 2135 coeptat.
1120 2077 1166 2132 ²55

262 2161 411 2226 praeterea
425 2168 565 2226 persaepe
581 2153 662 2226 niger
676 2168 795 2225 quoque
810 2169 863 2226 per
877 2169 956 2208 mare
971 2150 1097 2218 nimbus,

261 2251 294 2299 ut
309 2241 381 2317 picis
396 2260 411 2299 e
426 2243 509 2298 caelo
523 2241 682 2299 demissum
698 2240 816 2310 flumen,
832 2243 861 2298 in
876 2241 970 2300 undas

261 2332 304 2389 sic
319 2330 398 2389 cadit
412 2332 527 2389 effertus
543 2332 668 2389 tenebris
684 2331 786 2407 procul
800 2341 829 2389 et
843 2331 928 2389 trahit
943 2341 1033 2389 atram

260 2422 428 2481 fulminibus
442 2421 590 2497 gravidam
606 2432 812 2497 tempestatem
826 2432 914 2497 atque
929 2422 1072 2496 procellis,

260 2513 375 2588 ignibus
389 2531 424 2570 ac
439 2512 532 2570 ventis
548 2531 616 2569 cum
631 2513 731 2588 primis
747 2513 808 2587 ipse
823 2513 959 2588 repletus,
1118 2518 1167 2569 260

260 2603 290 2660 in
305 2613 381 2660 terra
394 2620 513 2678 quoque
528 2612 560 2661 ut
576 2603 745 2660 horrescant
758 2621 793 2659 ac
809 2612 887 2660 tecta
900 2603 1055 2676 requirant

259 2693 302 2750 sic
316 2693 402 2767 igitur
414 2711 519 2767 supera
532 2703 662 2750 nostrum
677 2701 766 2768 caput
779 2711 843 2751 esse
858 2692 1047 2768 putandumst

259 2792 463 2857 tempestatem
478 2784 575 2841 altam.
591 2802 689 2858 neque
704 2783 781 2841 enim
797 2784 920 2859 caligine
934 2793 1014 2841 tanta

258 2874 415 2931 obmerent
429 2867 526 2952 terras,
542 2874 595 2931 nisi
610 2873 794 2931 inaedificata
807 2891 932 2949 superne
951 2936 953 2940 ,

258 2964 350 3022 multa
363 2965 457 3021 forent
471 2965 567 3022 multis
581 2974 720 3039 exempto
735 2965 834 3022 nubila
848 2964 909 3022 sole
920 2985 929 3037 ;
1118 2971 1164 3037 265

258 3073 315 3113 nec
330 3066 411 3112 tanto
425 3065 546 3130 possent
558 3057 710 3113 venientes
725 3055 890 3131 opprimere
905 3054 997 3126 imbri,

258 3145 377 3203 flumina
390 3145 538 3203 abundare
554 3156 585 3204 ut
599 3147 728 3204 facerent
741 3164 923 3223 camposque
938 3156 1046 3218 natare,

258 3237 281 3294 si
296 3254 356 3293 non
370 3237 508 3294 extructis
522 3237 596 3295 foret
610 3236 665 3295 alte
681 3238 807 3296 nubibus
822 3236 930 3295 aether.

258 3326 306 3382 hic
321 3326 406 3400 igitur
418 3327 512 3384 ventis
526 3340 614 3401 atque
628 3328 744 3401 ignibus
758 3327 857 3384 omnia
871 3327 957 3401 plena

257 3424 344 3487 sunt;
365 3414 434 3473 ideo
448 3417 554 3490 passim
568 3418 698 3474 fremitus
713 3427 742 3474 et
756 3417 867 3492 fulgura
882 3418 965 3475 fiunt.
1116 3438 1165 3485 270

258 3505 368 3580 quippe
383 3507 492 3564 etenim
505 3525 592 3582 supra
605 3506 695 3565 docui
710 3508 853 3583 permulta
866 3507 981 3583 vaporis
