2792 4025
253 194 315 261 ¹74
590 196 822 251 rueramus
1101 196 1151 269 [v.

247 368 277 417 et
290 358 403 435 lapides
417 367 447 417 et
460 359 531 417 item
545 359 678 418 silvarum
693 358 834 435 fragmina
846 358 928 429 rami,

247 459 277 507 et
291 450 407 508 flamma
419 458 508 523 atque
522 450 613 525 ignes,
628 460 784 524 postquam
799 458 865 507 sunt
879 448 997 525 cognita
1010 447 1146 525 primum.

246 540 389 616 posterius
403 540 468 597 ferri
481 540 525 597 vis
539 551 583 598 est
597 541 729 614 aerisque
744 549 866 613 reperta.
1089 545 1153 597 1286

246 640 276 687 at
289 631 367 705 prior
379 630 452 688 aeris
466 639 527 687 erat
541 648 630 704 quam
645 630 711 687 ferri
725 630 858 704 cognitus
872 644 950 702 usus,

246 736 306 793 quo
320 720 410 778 facilis
426 722 517 795 magis
531 728 576 777 est
589 729 692 777 natura
706 729 736 777 et
748 719 837 794 copia
850 720 951 778 maior.

245 828 312 867 aere
326 811 420 868 solum
434 820 526 868 terrae
540 808 711 879 tractabant,
726 826 852 883 aereque
866 809 935 867 belii

245 900 408 959 miscebant
422 900 525 958 fluctus
539 908 570 957 et
583 899 703 957 vulnera
716 908 798 957 vasta
811 901 947 958 serebant
1089 919 1153 973 1290

244 1000 276 1048 et
288 1009 380 1065 pecus
393 1000 481 1066 atque
495 1009 579 1065 agros
593 988 783 1061 adimebant;
801 1008 871 1047 nam
884 989 968 1047 facile
982 988 1048 1047 ollis

244 1082 344 1139 omnia
356 1080 503 1139 cedebant
517 1081 631 1137 armatis
645 1078 726 1137 nuda
739 1089 769 1137 et
782 1078 902 1137 inerma.

243 1170 313 1229 inde
327 1172 491 1229 minutatim
504 1170 645 1245 processit
659 1170 767 1227 ferreus
781 1169 858 1227 ensis

242 1280 383 1337 versaque
397 1262 427 1319 in
441 1261 616 1336 obprobium
629 1260 743 1335 species
758 1270 802 1318 est
815 1260 895 1318 falcis
908 1260 1030 1331 atienae,

242 1363 273 1409 et
287 1352 361 1409 ferro
376 1369 502 1427 coepere
516 1351 610 1409 solum
624 1349 812 1426 proscindere
826 1360 918 1408 terrae

243 1453 464 1517 exaequataque
478 1452 545 1499 sunt
559 1441 671 1516 creperi
685 1441 845 1499 certamina
857 1439 934 1500 belli.
1101 1520 1104 1523 Ι

243 1542 272 1589 et
286 1534 365 1606 pn'us
381 1542 425 1591 est
438 1542 581 1589 armatum
596 1532 625 1589 in
640 1533 710 1607 equi
723 1530 923 1589 conscendere
938 1539 1034 1589 costas

242 1631 273 1680 et
287 1621 464 1680 moderarier
478 1623 557 1679 hunc
571 1622 658 1680 frenis
672 1621 834 1697 dextraque
848 1622 944 1697 vigere

242 1729 331 1786 quarn
347 1712 446 1788 biiugo
461 1731 546 1769 curru
561 1713 629 1770 belli
642 1722 785 1787 temptare
800 1712 916 1788 pericla.

241 1812 273 1861 et
287 1802 399 1877 biiugos
416 1804 494 1877 prius
509 1812 553 1860 est
566 1821 655 1877 quam
670 1803 714 1861 bis
729 1804 908 1877 coniungere
922 1802 1007 1861 binos

241 1901 273 1953 et
286 1911 374 1967 quarn
389 1893 531 1951 falciferos
545 1903 688 1950 armatum
704 1892 862 1951 escendere
877 1912 987 1952 currus.

241 1982 311 2041 inde
325 1984 415 2042 boves
430 1983 510 2041 lucas
524 1984 625 2041 turrito
639 2000 773 2058 corpore,
789 1993 903 2054 taetras,

241 2074 441 2148 anguimanus,
455 2075 523 2132 belli
537 2073 701 2132 docuerunt
714 2075 831 2132 volnera
846 2074 938 2132 Poeni

241 2164 357 2222 sufferre
373 2174 403 2222 et
417 2183 536 2240 magnas
552 2165 653 2222 Martis
666 2165 781 2222 turbare
796 2175 934 2224 catervas.

240 2255 283 2312 sic
296 2253 355 2313 alid
369 2273 406 2312 ex
419 2255 476 2313 aiio
491 2255 605 2330 peperit
618 2253 769 2312 discordia
782 2256 878 2328 tristis,

241 2345 375 2403 horribile
389 2345 523 2402 humanis
538 2344 620 2418 quod
633 2345 769 2420 gentibus
784 2355 861 2404 esset
875 2346 906 2403 in
919 2346 1014 2417 armis,

239 2435 329 2509 inque
344 2435 407 2493 dies
422 2436 490 2494 belli
504 2437 659 2492 terroribus
674 2434 789 2493 addidit
802 2454 936 2512 augmen.

279 2527 473 2600 Temptarunt
487 2527 574 2584 etiam
589 2529 688 2584 tauros
701 2527 731 2582 in
745 2544 883 2584 moenere
897 2527 965 2584 belli

238 2617 411 2691 expertique
425 2634 492 2674 sues
503 2634 604 2673 saevos
618 2625 685 2673 sunt
700 2617 814 2674 mittere
829 2617 859 2674 in
874 2618 973 2676 hostis.

238 2715 270 2763 et
283 2705 395 2763 validos
409 2707 513 2781 partim
527 2723 596 2780 prae
611 2724 642 2763 se
657 2707 761 2764 misere
775 2707 876 2765 leones

239 2814 308 2852 cum
322 2795 492 2854 doctoribus
506 2795 622 2853 armatis
637 2797 788 2870 saevisque
802 2797 945 2872 magistris

239 2886 290 2960 qui
304 2884 482 2943 moderarier
495 2885 539 2943 his
553 2895 674 2960 possent
687 2887 848 2961 vinclisque
864 2898 973 2958 tenere,

238 2976 428 3051 nequiquam,
443 2976 582 3050 quoniam
597 2977 741 3051 permixta
754 2976 847 3035 caede
862 2978 990 3046 calentes

238 3066 393 3124 turbabant
407 3066 485 3123 saevi
498 3066 577 3123 nullo
591 3066 759 3124 discrimine
775 3077 891 3138 turmas,

238 3157 377 3215 terrificas
390 3157 519 3232 capitum
534 3157 698 3231 quatientes
712 3157 843 3231 undique
859 3159 967 3229 cristaS,

238 3265 295 3304 nec
308 3257 442 3322 poterant
457 3247 569 3321 equites
584 3247 697 3305 fremitu
712 3249 864 3322 perterrita
878 3266 1021 3323 equorum

237 3347 358 3412 pectora
372 3337 498 3394 mulcere
513 3346 542 3394 et
556 3337 642 3395 frenis
656 3346 827 3394 convertere
841 3337 872 3395 in
887 3338 986 3396 hostis

237 3427 352 3484 inritata
364 3427 426 3485 leae
440 3428 585 3485 iaciebant
599 3445 724 3502 corpora
737 3426 809 3484 saltu
