2792 4025
270 259 331 323 126
600 273 832 330 LUCRETIUS
1102 274 1169 347 [IV.

265 435 419 495 suavidicis
433 435 635 511 potiusquam
649 437 747 495 multis
761 436 889 495 versibus
903 436 1009 510 edam;

266 545 369 602 parvus
382 537 414 584 ut
429 536 472 584 est
487 527 572 603 cycni
586 528 688 585 melior
702 546 800 600 canor,
815 528 860 585 ille
874 546 978 603 gruum
992 546 1081 604 quam
1121 550 1172 601 910

265 617 375 675 clamor
388 618 418 675 in
432 617 568 675 aetheriis
583 616 733 691 dispersus
747 619 872 676 nubibus
886 620 982 677 austri.

265 719 296 765 tu
311 708 379 765 mihi
395 707 434 765 da
447 708 542 766 tenuis
556 725 639 765 aures
654 708 843 782 animumque
858 727 1003 784 sagacem,

265 816 302 856 ne
317 798 379 856 fieri
393 798 504 873 negites
518 815 594 873 quae
609 796 707 854 dicam
721 815 807 872 posse
822 808 957 873 retroque

264 906 333 947 vera
344 889 503 964 repulsanti
518 887 652 947 discedas
666 898 787 961 pectore
803 888 891 960 dicta,

264 979 380 1038 tutimet
393 980 423 1037 in
437 979 524 1054 culpa
537 998 605 1036 cum
619 979 657 1035 sis
671 996 769 1052 neque
785 996 904 1036 cernere
919 978 1023 1054 possis.
1121 996 1169 1052 915

264 1070 409 1145 principio
423 1088 542 1127 somnus
556 1070 588 1126 fit
602 1069 652 1127 ubi
666 1078 711 1126 est
725 1067 864 1126 distracta
877 1087 930 1144 per
944 1079 1022 1127 artus

263 1161 306 1219 vis
319 1161 433 1218 animae
448 1163 612 1235 partimque
627 1160 703 1218 foras
718 1160 812 1217 eiecta
826 1162 945 1219 recessit

264 1260 293 1309 et
307 1252 411 1327 partim
427 1260 564 1308 contrusa
576 1251 668 1325 magis
682 1249 828 1307 concessit
842 1249 873 1306 in
886 1249 996 1320 altum;

264 1341 463 1399 dissoluuntur
476 1343 556 1400 enim
572 1350 632 1397 tum
647 1340 768 1398 demum
783 1339 915 1398 membra
928 1338 1089 1415 fluuntque.

263 1450 332 1490 nam
346 1430 468 1490 dubium
482 1451 543 1491 non
557 1442 610 1503 est,
626 1432 732 1489 animai
747 1431 818 1505 quin
832 1448 922 1505 opera
936 1429 971 1487 sit
1120 1451 1170 1502 920

263 1540 363 1579 sensus
378 1522 426 1579 hic
441 1523 471 1580 in
486 1522 580 1593 nobis,
595 1540 684 1596 quem
700 1540 768 1579 curn
783 1539 871 1595 sopor
884 1519 997 1596 inpedit
1012 1538 1086 1592 esse,

263 1621 325 1668 tum
339 1612 423 1669 nobis
438 1612 566 1669 animam
580 1613 777 1687 perturbatam
792 1630 855 1669 esse
869 1610 1060 1686 putandumst

263 1702 445 1775 eiectamque
460 1702 554 1774 foras3
576 1720 636 1760 non
651 1720 790 1772 omnem;
812 1719 939 1777 namque
954 1702 1061 1759 iaceret

262 1802 380 1849 aeterno
394 1810 501 1867 corpus
515 1793 663 1866 perfusum
677 1793 781 1867 frigore
796 1793 854 1850 leti.

263 1883 372 1957 quippe
386 1882 437 1940 ubi
451 1883 529 1940 nulla
542 1883 635 1941 latens
649 1883 757 1940 animai
771 1901 837 1957 pars
851 1891 1015 1940 remaneret
1118 1899 1166 1955 9²5

262 1973 293 2032 in
307 1972 452 2044 membris,
467 1972 564 2031 cinere
578 1983 611 2033 ut
624 1973 715 2031 multa
728 1974 797 2031 latet
811 1974 929 2032 obrutus
945 1973 1027 2050 ignis,

262 2063 340 2122 unde
355 2063 506 2122 reconflari
520 2082 621 2122 sensus
636 2082 689 2138 per
703 2065 835 2122 membra
848 2073 968 2138 repente

261 2164 370 2230 posset,
384 2164 417 2213 ut
430 2155 540 2228 exigui
554 2172 645 2212 caeco
661 2172 835 2228 consurgere
850 2153 986 2212 flamma?

301 2244 360 2303 Sed
374 2244 481 2321 quibus
495 2244 569 2302 haec
582 2244 670 2302 rebus
684 2245 796 2302 novitas
811 2245 920 2302 confiat
935 2255 964 2302 et
978 2243 1058 2303 unde

262 2335 421 2410 perturbari
435 2336 532 2393 anima
545 2346 575 2394 et
588 2352 696 2410 corpus
710 2334 897 2410 languescere
912 2335 1013 2410 possit,
1118 2352 1168 2408 930

262 2425 435 2502 expediam:
458 2436 489 2484 tu
503 2426 549 2483 fac
563 2443 601 2484 ne
615 2427 709 2484 ventis
723 2426 811 2483 verba
825 2424 1010 2500 profundam.

261 2517 403 2591 principio
418 2525 537 2573 externa
550 2535 657 2591 corpus
671 2516 710 2574 de
724 2526 805 2591 parte
820 2533 974 2573 necessum
989 2523 1042 2587 est,

261 2607 344 2664 a'e'riis
359 2608 498 2680 quoniam
512 2608 638 2664 vicinum
654 2608 779 2681 tangitur
792 2605 877 2677 auriS,

260 2696 376 2754 tundier
389 2709 476 2772 atque
491 2698 553 2754 eius
567 2698 669 2755 crebro
684 2696 821 2771 pulsarier
834 2696 905 2766 ictu,

261 2797 472 2863 proptereaque
488 2788 546 2844 fere
560 2805 606 2844 res
621 2805 724 2844 omnes
738 2797 787 2844 aut
801 2786 882 2845 corio
897 2792 965 2842 sunt
1118 2802 1166 2859 935

260 2878 411 2935 autetiam
426 2877 547 2935 conchis
560 2887 610 2934 aut
624 2878 698 2934 callo
713 2887 762 2935 aut
778 2878 886 2936 cortice
901 2887 1007 2936 tectae.

261 2967 427 3026 interiorem
442 2968 530 3025 etiam
544 2979 656 3043 partem
672 2968 846 3043 spirantibus
861 2968 911 3026 aer

259 3057 392 3116 verberat
405 3058 453 3115 hic
467 3057 557 3129 idem,
572 3077 640 3116 cum
655 3057 772 3116 ducitur
784 3067 872 3133 atque
886 3058 1011 3117 reflatur.

260 3166 350 3224 quare
363 3149 509 3223 utrimque
524 3167 609 3207 secus
623 3167 692 3206 cum
707 3166 813 3223 corpus
825 3149 943 3223 vapulet
958 3157 988 3205 et
1002 3165 1071 3206 curn

261 3239 430 3316 perveniant
443 3240 545 3314 plagae
559 3258 613 3315 per
626 3257 716 3314 parva
729 3239 870 3296 foramina
883 3239 969 3296 nobis
1117 3257 1167 3310 940

262 3329 389 3404 corporis
404 3329 441 3387 ad
455 3331 562 3404 primas
576 3331 665 3404 partis
679 3329 880 3403 elementaque
894 3329 997 3403 prima,

260 3421 292 3478 fit
306 3420 388 3494 quasi
401 3421 540 3494 paulatim
554 3421 639 3478 nobis
652 3438 707 3495 per
720 3420 851 3476 membra
864 3420 956 3477 ruina.

260 3511 468 3568 conturbantur
482 3511 561 3567 enim
575 3511 722 3584 positurae
738 3510 947 3584 principiorum
