2792 4025
255 265 316 327 124
585 259 816 314 rueramus
1089 259 1157 330 [w.

250 441 416 484 sermonem
430 424 582 499 multoque
596 432 711 481 creatae
726 432 794 482 sunt
807 423 886 499 prius
900 428 984 483 anr'es

251 533 339 591 quam
354 533 443 573 sonus
457 525 501 572 est
514 514 639 585 auditus,
654 524 684 571 et
698 515 799 572 omnia
812 514 1089 589 denique'membra
1109 522 1159 585 840

250 617 318 663 ante
333 606 422 677 suere,
437 614 469 663 ut
482 606 596 680 opinor,
612 622 714 663 eorum
729 624 818 680 quarn
833 606 907 663 soret
921 624 1011 680 usus5

250 695 330 754 haud
344 695 430 771 igitur
442 706 564 769 potuere
578 695 680 753 utendi
694 712 826 753 crescere
840 714 937 753 causa.

250 796 281 844 at
295 796 398 844 contra
411 786 542 843 conferre
556 803 645 843 manu
660 786 820 843 certamina
833 803 950 861 pugnae

251 887 281 934 et
294 876 420 933 lacerare
433 885 512 933 artus
527 875 705 950 foedareque
721 876 852 933 membra
865 893 969 933 cruore

251 976 319 1024 ante
333 967 385 1023 luit
399 966 491 1023 multo
505 984 593 1040 quam
608 966 705 1023 lucida
719 966 776 1023 tela
790 966 929 1038 volarent,
1110 974 1159 1039 845

252 1067 282 1114 et
296 1057 398 1115 volnus
411 1056 500 1113 vitare
514 1057 592 1130 prius
607 1065 709 1113 natura
723 1057 820 1131 coegit

253 1165 342 1222 quarn
355 1146 438 1204 daret
452 1147 601 1205 obiectum
615 1147 726 1221 parmai
741 1147 822 1203 laeva
837 1164 890 1222 per
903 1156 1005 1207 artem.

253 1238 364 1295 scilicet
377 1246 407 1294 et
420 1237 528 1294 fessum
543 1253 650 1311 corpus
665 1235 804 1294 mandare
819 1238 909 1311 quieti

252 1327 345 1384 multo
359 1328 505 1401 antiquius
519 1337 563 1387 est
577 1345 667 1401 quarn
681 1327 750 1384 lecti
764 1327 862 1384 mollia
876 1337 972 1400 strata,

253 1428 283 1476 et
297 1417 399 1475 sedare
413 1418 491 1475 sitim
505 1418 584 1492 prius
598 1428 643 1475 est
656 1436 746 1492 quam
760 1418 867 1491 pocula
881 1428 990 1476 natum.
1110 1425 1161 1489 850

253 1508 328 1566 haec
342 1508 427 1581 igitur
440 1517 562 1582 possunt
575 1507 678 1565 utendi
691 1509 810 1583 cognita
824 1526 912 1565 causa

253 1597 375 1670 credier,
391 1616 427 1654 ex
441 1616 495 1655 usu
509 1616 585 1671 quae
599 1608 667 1655 sunt
679 1598 796 1672 vitaque
810 1608 933 1673 reperta.

254 1690 302 1748 illa
315 1689 436 1764 quidem
450 1708 580 1748 seorsum
595 1700 662 1748 sunt
676 1690 776 1748 omnia
789 1709 864 1765 quae
879 1692 958 1765 prius
972 1690 1035 1765 ipsa

254 1790 323 1838 nata
337 1780 445 1838 dedere
460 1798 528 1837 suae
543 1790 610 1855 post
624 1781 759 1838 notitiam
773 1781 909 1839 utilitatis.

254 1888 316 1945 quo
329 1888 436 1945 genere
450 1871 481 1927 in
495 1871 593 1945 primis
608 1889 709 1929 sensus
724 1880 753 1929 et
767 1872 899 1929 membra
912 1871 1066 1943 videmus;
1112 1878 1160 1943 855

254 1978 343 2036 quare
359 1960 447 2019 etiam
461 1970 548 2036 atque
563 1961 649 2020 etiam
665 1961 768 2037 procul
782 1971 872 2020 estut
886 1961 1005 2020 credere
1020 1962 1114 2037 possis

254 2051 384 2110 utilitatis
398 2053 437 2110 ob
451 2053 580 2110 officium
595 2053 725 2128 potuisse
741 2051 855 2131 creari]

297 2139 388 2220 [Illud
402 2142 470 2200 item
486 2161 547 2200 non
561 2153 605 2201 est
618 2142 794 2214 mirandum,
809 2143 939 2218 corporis
953 2143 1017 2219 ipsa

255 2231 338 2306 quod
351 2242 454 2290 natura
468 2234 567 2292 cibum
581 2234 694 2308 quaerit
708 2234 849 2308 cuiusque
864 2235 1027 2292 animantis.

256 2323 366 2398 quippe
381 2324 491 2381 etenim
506 2324 594 2381 fluere
609 2335 697 2398 atque
711 2323 851 2382 recedere
866 2342 991 2399 corpora
1005 2324 1092 2382 rebus
1113 2328 1163 2380 860

255 2414 347 2471 multa
360 2413 457 2472 modis
471 2415 568 2472 multis
582 2413 681 2488 docui,
696 2414 750 2473 sed
764 2415 887 2490 plurima
901 2414 1012 2473 debent

256 2521 294 2561 ex
307 2504 483 2562 animalibu’.
505 2523 580 2579 quae
594 2505 664 2579 quia
677 2515 745 2562 sunt
759 2506 886 2562 exercita
900 2515 990 2574 motu,

255 2598 404 2672 multaque
418 2616 472 2674 per
485 2598 623 2657 sudorem
638 2618 676 2657 ex
689 2601 748 2657 alto
763 2617 862 2674 pressa
875 2600 1012 2664 seruntur,

255 2689 347 2745 multa
360 2706 414 2763 per
427 2706 461 2746 os
476 2689 653 2759 exhalantur,
667 2708 737 2747 cum
751 2689 888 2765 languida
901 2691 1048 2761 anhelant,

256 2777 301 2836 his
315 2779 400 2854 igitur
413 2779 499 2836 rebus
512 2781 631 2838 rarescit
645 2798 751 2855 corpus
766 2790 795 2838 et
809 2781 904 2838 omnis
1113 2785 1160 2851 865

256 2869 401 2926 subruitur
415 2879 536 2942 natura;
558 2870 643 2928 dolor
656 2888 743 2945 quam
759 2871 948 2946 consequitur
961 2889 1033 2928 rem.

256 2969 412 3034 propterea
425 2961 537 3035 capitur
551 2961 633 3019 cibus
646 2970 680 3019 ut
693 2960 837 3020 suffulciat
851 2972 928 3019 artus

257 3058 287 3107 et
300 3058 413 3107 recreet
426 3051 501 3109 vires
514 3051 674 3109 interdatus
689 3063 777 3126 atque
791 3061 941 3127 patentem

256 3158 310 3216 per
322 3141 455 3199 membra
468 3160 503 3198 ac
516 3160 606 3200 venas
621 3152 652 3200 ut
666 3161 797 3200 amorem
811 3152 928 3218 opturet
942 3140 1060 3201 edendi.

256 3249 343 3289 umor
356 3232 426 3289 item
441 3231 568 3290 discedit
581 3234 612 3290 in
626 3233 727 3290 omnia
740 3251 815 3307 quac
830 3233 897 3290 loca
910 3250 1038 3306 cumque
1112 3239 1162 3299 870

256 3332 384 3398 poscunt
398 3340 551 3393 umorem;
573 3323 774 3398 glomeratque
789 3323 880 3380 multa
893 3322 1008 3398 vaporis

256 3428 391 3488 corpora,
406 3430 481 3487 quae
496 3413 648 3470 stomacho
662 3414 804 3488 praebent
818 3413 955 3471 incendia
968 3421 1077 3484 nostro,

257 3502 389 3577 dissupat
402 3502 563 3561 adveniens
577 3503 672 3577 liquor
685 3522 721 3560 ac
734 3503 884 3578 restinguit
898 3513 930 3561 ut
943 3503 1050 3578 ignem,
1087 3559 1090 3565 .
