2792 4025
228 309 296 380 vl]
475 312 530 364 DE
557 313 704 366 RERUM
732 315 903 369 NATURA
1074 308 1131 383 185

227 455 318 513 multa
330 464 485 531 rotantque
499 456 577 514 cavis
592 457 737 515 flammam
752 459 917 519 fornacibus
931 460 1017 537 intus,

227 545 324 604 donec
339 546 451 605 divolsa
463 547 602 605 fulserunt
616 548 694 606 nube
709 550 831 607 corusci.

267 638 336 694 Hac
350 638 438 695 etiam
452 638 486 695 fit
498 638 541 695 uti
555 638 593 695 de
608 657 696 696 causa
709 641 825 699 mobilis
839 640 887 699 ille

226 725 343 785 devolet
357 729 387 785 in
401 738 506 787 terram
519 728 622 805 liquidi
636 730 719 787 color
732 749 836 790 aureus
851 732 926 807 ignis
1085 753 1130 806 205

225 820 337 877 semina
350 819 432 895 quod
445 822 539 879 nubes
553 822 629 895 ipsas
643 823 787 896 permulta
801 832 951 883 necessust

224 909 298 983 ignis
312 910 439 983 habere3
460 912 570 969 etenim
584 929 652 969 cum
667 922 734 969 sunt
748 932 849 971 umore
864 915 927 973 sine
942 916 1011 987 ullo,

224 999 375 1058 flammeus
389 1010 434 1059 est
446 1001 618 1076 plerumque
633 1002 716 1060 colos
730 1012 759 1060 et
773 1004 943 1078 splendidus
958 1005 1029 1064 ollis.

224 1091 295 1165 quin
309 1092 396 1149 etiam
410 1092 478 1150 solis
492 1092 530 1150 de
545 1093 653 1150 lumine
668 1094 760 1150 multa
773 1104 921 1153 necessest

223 1181 390 1258 concipere,
404 1192 437 1241 ut
450 1183 554 1242 merito
568 1183 691 1241 rubeant
706 1184 846 1259 ignesque
861 1185 1048 1259 profundant.
1081 1208 1130 1243 κιο

223 1271 311 1329 hasce
326 1274 411 1347 igitur
424 1291 492 1331 cum
505 1283 609 1331 ventus
622 1292 713 1349 agens
727 1276 868 1333 contrusit
882 1276 911 1333 in
926 1295 1017 1335 unum

222 1363 451 1438 compressitque
465 1364 564 1421 locum
578 1382 696 1438 cogens,
712 1382 849 1439 expressa
863 1366 1043 1440 profundunt

222 1455 334 1511 semina
347 1472 422 1528 quae
438 1454 547 1512 faciunt
560 1455 696 1512 flammae
711 1456 820 1531 fulgere
835 1456 957 1515 colores.

222 1543 303 1619 fulgit
316 1544 396 1614 item,
411 1562 479 1602 cum
494 1554 643 1602 rarescunt
657 1563 778 1620 quoque
792 1547 892 1604 nubila
907 1546 989 1606 caeli.

221 1652 290 1693 nam
304 1654 372 1691 cum
385 1646 489 1693 ventus
503 1653 552 1693 eas
566 1636 667 1693 lexiter
680 1634 793 1694 diducit
808 1638 903 1695 euntis
1078 1658 1124 1711 εις

221 1724 420 1801 dissoluitque,
435 1725 543 1785 cadant
556 1727 673 1801 ingratis
687 1727 735 1784 illa
748 1738 897 1786 necessest

219 1817 333 1874 semina
346 1835 421 1891 quae
436 1817 545 1875 faciunt
558 1817 709 1891 fulgorem.
725 1827 788 1875 tum
802 1818 865 1875 sine
880 1828 972 1877 taetro

218 1915 327 1965 terrore
343 1917 372 1965 et
385 1907 481 1964 sonitu
495 1907 576 1982 fulgit
589 1907 728 1981 nulloque
742 1908 876 1966 tumultu.

259 1997 350 2072 Quod
366 2007 506 2072 superest,
514 1997 592 2072 quali
606 2007 709 2055 natura
723 1998 855 2073 praedita
871 2008 1008 2059 constent

219 2088 347 2158 fulmina,
363 2087 515 2145 declarant
527 2088 601 2145 ictus
616 2096 646 2144 et
659 2088 754 2145 inusta
767 2090 882 2163 vaporis
1079 2114 1126 2149 220

218 2178 301 2254 signa
314 2187 462 2252 notaeque
476 2178 568 2252 gravis
583 2177 706 2234 halantis
722 2179 845 2252 sulpuris
860 2199 952 2240 auras.

217 2268 291 2344 ignis
305 2269 385 2327 enirn
398 2277 467 2326 sunt
480 2267 554 2325 haec
567 2285 629 2324 non
641 2268 722 2325 venti
736 2268 818 2342 signa
832 2287 928 2344 neque
944 2271 1051 2329 imbris.

216 2369 367 2435 praeterea
381 2377 469 2434 saepe
483 2356 650 2416 accendunt
664 2375 783 2432 quoque
799 2368 877 2417 tecta
890 2359 1046 2419 domorum

217 2460 247 2508 et
261 2450 348 2508 celeri
361 2451 479 2508 flamma
492 2449 678 2507 dominantur
691 2449 722 2506 in
736 2448 857 2508 aedibus
873 2451 950 2524 ipsis,

216 2539 295 2599 hunc
309 2542 362 2600 tibi
374 2542 508 2599 subtilem
523 2540 705 2615 cumprimis
719 2539 833 2614 ignibus
847 2541 947 2615 ignem
1078 2563 1122 2616 ²25

215 2632 364 2689 constituit
377 2641 479 2690 natura
492 2631 610 2689 minutis
624 2630 838 2705 mobilibusque

215 2723 396 2797 corporibus,
411 2723 460 2779 cui
475 2723 514 2781 nil
528 2723 652 2780 omnino
666 2721 807 2779 obsistere
821 2722 922 2797 possit.

214 2813 315 2870 transit
326 2813 405 2870 enim
419 2812 547 2870 validum
561 2814 671 2871 fulmen
685 2830 739 2888 per
753 2822 853 2888 saepta
868 2813 1032 2886 domorum,

215 2903 326 2961 clamor
339 2913 371 2961 ut
384 2921 420 2961 ac
433 2921 531 2975 voces,
546 2904 647 2962 transit
660 2922 714 2979 per
727 2922 804 2974 saxa,
820 2921 873 2978 per
886 2923 962 2986 aera,
1013 2937 1017 2946 ·

215 3003 245 3051 et
257 2992 400 3068 liquidum
413 3003 525 3069 puncto
538 2994 609 3052 facit
621 3013 672 3052 aes
685 2995 716 3052 in
730 3004 863 3069 tempore
879 3005 907 3052 et
921 3013 1033 3068 aurum,
1075 3015 1122 3066 ²30

214 3094 297 3142 curat
310 3077 381 3142 item
394 3085 469 3142 vasis
483 3084 602 3160 integris
614 3085 683 3141 vina
695 3095 820 3160 repente

215 3172 373 3249 diffugiant,
389 3175 457 3249 quia
470 3175 606 3232 nimirum
620 3175 705 3232 facile
719 3176 819 3233 omnia
833 3175 943 3234 circum

214 3265 350 3322 conlaxat
363 3283 484 3339 rareque
499 3265 567 3323 facit
580 3265 750 3322 lateramina
764 3266 841 3324 vasis

214 3354 373 3413 adveniens
388 3354 467 3412 calor
480 3355 543 3412 eius
557 3364 587 3412 et
600 3355 762 3413 insinuatus
777 3356 806 3412 in
822 3357 919 3431 ipsum

214 3446 359 3504 mobiliter
374 3445 490 3503 soluens
505 3445 601 3502 differt
613 3445 772 3519 primordia
785 3447 852 3503 vini.
1073 3465 1118 3518 235

214 3535 297 3612 quod
311 3537 378 3597 solis
393 3554 483 3612 vapor
496 3545 624 3593 aetatem
638 3553 699 3595 non
713 3553 800 3611 posse
814 3535 930 3594 videtur
