2792 4025
242 255 281 325 1.]
346 210 348 214 Ι
479 254 534 307 DE
560 253 707 307 RERUM
734 253 907 307 NATURA
1104 252 1143 319 25

240 436 307 475 ossa
319 415 633 491 videlicetepauxillis
647 425 736 489 atque
749 415 870 474 minutis
1095 424 1145 488 835

232 501 354 567 'ossibus
368 508 417 565 hic
431 517 462 565 et
475 505 514 565 de
529 506 660 581 pauxillis
674 516 763 580 atque
777 505 896 565 minutis

225 674 226 681 ἵ
239 599 397 657 visceribus
409 599 506 655 viscus
521 598 600 672 gigni
610 614 800 672 sanguenque
815 597 906 655 creari

239 688 387 764 sanguinis
401 688 476 745 inter
488 705 520 745 se
535 687 631 745 multis
645 687 814 746 coeuntibu'
828 687 917 762 guttis

240 797 278 838 ex
291 780 411 852 aurique
425 787 509 853 putat
523 778 606 835 micis
620 778 781 835 consistere
795 795 883 853 posse

239 888 342 927 aurum
356 878 386 927 et
400 868 438 926 de
453 868 533 926 terris
547 877 653 925 terram
667 886 859 926 concrescere
873 868 978 943 parvis,
1095 876 1147 937 840

213 1029 216 1042 ι
239 960 354 1035 ignibus
368 976 406 1016 ex
422 958 505 1034 ignis,
519 976 653 1017 umorem
664 958 815 1016 umoribus
828 976 903 1031 esse,

212 1063 214 1086 ¹
239 1058 338 1107 cetera
352 1049 495 1107 consimili
508 1048 592 1124 fingit
604 1048 717 1108 ratione
731 1057 882 1123 putatque,

228 1154 296 1224 qnec
310 1149 409 1197 tamen
424 1156 488 1196 esse
502 1138 560 1195 ulla
572 1148 654 1213 parte
668 1137 773 1196 idem
763 1156 794 1196 in
807 1138 917 1197 rebus
909 1154 996 1197 inane

215 1162 230 1311 l
227 1229 379 1288 'concedit
392 1247 489 1303 neque
504 1228 675 1303 corporibus
689 1228 780 1285 finem
793 1246 858 1286 esse
871 1227 1015 1287 secandis.

240 1338 329 1395 quare
344 1321 375 1377 in
388 1329 510 1393 utraque
524 1318 596 1376 mihi
609 1319 718 1393 pariter
729 1319 842 1376 ratione
855 1317 971 1377 videtur
1096 1327 1144 1390 845

239 1428 332 1469 errare
347 1420 435 1486 atque
448 1410 497 1481 illi,
512 1427 599 1484 supra
613 1425 687 1482 quos
702 1408 828 1466 diximus
841 1418 920 1468 ante.

175 1500 320 1607 ‘Jladde
332 1499 414 1575 quod
428 1499 604 1558 inbecilla'
575 1499 661 1556 mmis
674 1497 835 1573 primordia
848 1498 949 1575 fingit3

238 1609 264 1649 si
277 1590 436 1666 primordia
449 1598 525 1662 sunt,
540 1589 625 1647 simili
638 1606 716 1663 quae
729 1589 861 1664 praedita
874 1599 1011 1648 constant

212 1682 215 1687 ’
238 1691 341 1739 natura
354 1691 442 1756 atque
457 1681 536 1755 ipsae
550 1697 597 1737 res
611 1688 678 1737 sunt
691 1697 846 1755 aequeque
860 1680 993 1739 laborant

198 1790 200 1795 ’
238 1782 270 1830 et
282 1781 407 1848 pereunt
420 1788 517 1845 neque
531 1770 570 1829 ab
584 1770 673 1828 exitio
687 1788 734 1828 res
748 1771 806 1828 ulla
818 1770 952 1829 refrenat
1096 1779 1146 1843 85ο

238 1880 307 1920 nam
321 1861 393 1936 quid
407 1862 438 1919 in
451 1878 594 1935 oppressu
608 1859 707 1919 valido
720 1859 836 1919 durabit
849 1879 961 1935 eorum,

238 1962 272 2011 ut
284 1960 409 2010 mortem
424 1951 550 2027 effugiat,
565 1951 614 2009 leti
628 1952 683 2028 sub
698 1950 836 2010 dentibus
850 1952 941 2028 ipsis?

238 2044 312 2120 ignis
327 2062 365 2101 an
378 2061 463 2101 umor
476 2062 514 2100 an
528 2044 618 2101 aura?
634 2042 707 2117 quid
721 2043 846 2103 horum?
864 2061 995 2119 sanguen
1007 2061 1047 2102 an
1061 2045 1147 2103 ossa?

238 2135 288 2209 nil,
303 2142 336 2194 ut
349 2135 461 2209 opinor,
477 2133 526 2192 ubi
541 2151 687 2208 exaequo
701 2151 748 2192 res
761 2133 891 2192 funditus
904 2135 1000 2192 omnis

239 2236 300 2284 tam
314 2225 442 2284 mortalis
456 2225 510 2282 erit
523 2241 611 2299 quam
626 2241 703 2326 quae
718 2224 871 2281 manifesta
883 2223 1017 2283 videmus
1097 2231 1145 2295 855

238 2334 276 2374 ex
289 2317 382 2374 oculis
396 2315 502 2374 nostris
516 2313 651 2389 aliqua
624 2333 653 2372 vr
667 2313 746 2371 victa
758 2314 862 2389 perire.

238 2416 269 2465 at
281 2424 379 2482 neque
392 2406 541 2464 reccidere
556 2404 595 2463 ad
608 2404 700 2463 nilum
714 2422 760 2462 res
773 2422 860 2479 posse
875 2422 972 2481 neque
986 2415 1085 2465 autern

239 2514 370 2555 crescere
385 2496 423 2555 de
437 2497 497 2555 nilo
512 2506 604 2554 testor
616 2512 662 2554 res
676 2504 745 2554 ante
758 2494 905 2570 probatas

238 2597 389 2663 praeterea
401 2587 541 2663 quoniam
555 2587 638 2646 cibus
653 2595 741 2662 auget
755 2603 862 2661 corpus
876 2586 994 2662 alitque,

238 2679 312 2736 scire
325 2677 394 2736 licet
406 2678 492 2737 nobis
504 2695 594 2736 venas
608 2687 639 2735 et
652 2694 783 2753 sanguen
796 2684 826 2734 et
839 2694 907 2735 ossa
1024 2739 1026 2744 ,
1099 2684 1149 2734 860

226 1283 231 1327 l

239 2859 299 2916 sive
314 2858 396 2916 cibos
411 2858 507 2916 omnis
522 2857 684 2916 commixto
700 2875 824 2934 corpore
840 2856 941 2916 dicent

239 2966 303 3006 esse
318 2959 348 3006 et
362 2948 468 3007 habere
483 2948 514 3006 in
528 2966 559 3006 se
573 2966 730 3006 nervorum
745 2967 871 3024 corpora
884 2966 974 3024 parva

239 3056 364 3113 ossaque
379 3048 408 3098 et
422 3039 544 3098 omnino
557 3057 647 3098 venas
662 3039 811 3115 partisque
827 3039 947 3111 cruoris,

238 3129 290 3187 fiet
304 3129 346 3187 uti
360 3129 442 3189 cibus
456 3129 562 3202 omnis,
577 3139 607 3188 et
617 3129 715 3188 aridus
729 3139 758 3188 et
772 3131 868 3205 liquor
882 3131 955 3207 ipse,

240 3238 277 3278 ex
290 3220 458 3296 alienigenis
472 3219 559 3278 rebus
574 3229 708 3278 constare
722 3229 849 3295 putetur,
1100 3225 1148 3289 865

240 3311 354 3370 ossibus
368 3320 398 3369 et
411 3311 505 3369 nervis
519 3310 659 3386 sanieque
674 3320 705 3368 et
717 3311 858 3386 sanguine
873 3311 975 3368 mixto.

239 3409 390 3477 praeterea
403 3419 607 3477 quaecumque
622 3419 639 3460 e
654 3410 730 3459 terra
743 3419 868 3476 corpora
882 3410 1019 3460 crescunt

240 3490 265 3550 si
278 3500 345 3550 sunt
358 3491 389 3549 in
403 3492 493 3564 terriS,
508 3500 614 3550 terram
628 3501 764 3550 constare
778 3503 927 3550 necessest
