2792 4025
264 258 324 320 160
593 270 826 325 LUCRETIUS
1111 270 1162 340 [V-

258 430 396 505 linquitur
409 440 442 489 ut
455 430 559 489 merito
574 440 737 489 maternum
752 448 860 489 nomen
876 429 985 505 adepta
1116 446 1162 502 795

258 531 335 579 terra
348 522 393 594 sit,
411 540 428 579 e
442 531 518 579 terra
531 521 671 595 quoniam
685 531 753 579 sunt
767 530 875 578 cuncta
888 530 995 579 creata.

259 611 408 686 multaque
422 630 502 669 nunc
517 612 605 669 etiam
619 611 746 669 existunt
759 610 895 669 animalia
909 610 990 670 terris

259 700 398 760 imbribus
412 711 442 759 et
455 700 552 759 calido
566 702 634 760 solis
648 711 787 759 concreta
799 718 908 775 vapore
919 720 929 773 ς

260 809 320 866 quo
334 792 429 849 minus
444 801 488 849 est
501 792 606 849 mirum
620 792 644 849 si
658 801 720 849 tum
735 800 803 849 sunt
816 791 899 865 plura
912 800 1013 849 coorta

260 891 290 939 et
303 881 422 954 maiora,
437 900 514 939 nova
527 882 627 939 tellure
641 891 729 955 atque
744 881 861 938 aethere
875 880 983 939 adulta
1116 887 1166 937 800

259 972 403 1047 principio
417 990 510 1048 genus
523 972 643 1029 alituum
657 972 811 1046 variaeque
825 971 959 1029 volucres

260 1080 316 1120 ova
328 1063 532 1138 relinquebant
546 1063 680 1121 exclusae
695 1072 828 1136 tempore
842 1080 943 1135 verno,

260 1153 403 1211 folliculos
417 1162 450 1211 ut
463 1172 542 1210 nunc
557 1153 654 1211 teretis
668 1162 778 1210 aestate
793 1151 915 1210 cicadae

259 1242 371 1300 lincunt
385 1254 490 1318 sponte
505 1262 557 1301 sua
569 1243 679 1300 victum
692 1243 840 1317 vitamque
854 1250 999 1317 petentes

259 1342 322 1391 turn
337 1333 389 1390 tibi
404 1343 479 1391 terra
492 1331 575 1390 dedit
588 1333 716 1408 primum
733 1332 865 1389 mortalia
879 1332 981 1391 saecla
1117 1338 1166 1401 805

260 1423 367 1480 multus
382 1423 459 1480 enim
475 1423 555 1481 calor
568 1433 656 1497 atque
670 1441 757 1480 umor
770 1423 924 1497 superabat
938 1422 968 1479 in
983 1421 1065 1479 antis

261 1512 319 1571 hoc
333 1513 384 1570 ubi
398 1530 534 1587 quaeque
547 1513 605 1571 loci
619 1512 700 1587 regio
714 1522 881 1587 opportuna
895 1510 1027 1582 dabatur,

261 1603 434 1660 crescebant
447 1602 521 1660 uteri
535 1612 641 1660 terram
654 1601 801 1660 radicibus
816 1603 896 1677 apti3

262 1711 337 1767 quos
350 1693 401 1750 ubi
416 1702 547 1767 tempore
562 1703 677 1751 maturo
691 1694 870 1768 patefecerat
883 1702 980 1751 aestus
1026 1688 1029 1693 ’

262 1783 405 1841 infantum
420 1783 532 1857 fugiens
546 1801 679 1841 umorem
693 1802 836 1858 aurasque
850 1793 1011 1859 petessenS,
1116 1790 1166 1841 810

262 1873 451 1932 convertebat
464 1874 504 1931 ibi
517 1883 619 1931 natura
632 1874 774 1931 foramina
787 1883 878 1931 terrae

262 1974 292 2023 et
306 1982 410 2022 sucum
422 1964 505 2022 venis
519 1965 644 2039 cogebat
657 1963 780 2022 fundere
794 1964 901 2040 apertis

262 2054 446 2113 consimilem
459 2054 550 2126 lactis,
565 2055 641 2112 sicut
654 2073 734 2111 nunc
748 2055 857 2112 femina
870 2072 1005 2130 quaeque

262 2164 331 2202 cum
345 2145 468 2220 peperit,
483 2145 562 2203 dulci
576 2145 704 2219 repletur
717 2144 802 2216 lacte,
818 2144 898 2220 quod
914 2145 1008 2203 omnis

262 2235 389 2310 impetus
403 2236 433 2293 in
447 2254 589 2293 mammas
603 2235 780 2292 convertitur
793 2235 839 2292 ille
854 2236 991 2294 alimenti.
1120 2243 1168 2306 815

262 2335 338 2383 terra
352 2326 450 2383 cibum
463 2326 569 2401 pueris,
583 2335 695 2382 vestem
709 2343 809 2400 vapor,
825 2325 914 2384 herba
929 2327 1024 2384 cubile

263 2416 423 2492 praebebat
437 2416 528 2473 multa
542 2425 571 2472 et
585 2416 665 2474 molli
679 2414 815 2489 lanugine
830 2416 991 2474 abundans,

264 2516 293 2564 at
306 2506 419 2563 novitas
433 2505 537 2563 mundi
551 2523 607 2562 nec
621 2505 725 2580 frigora
739 2505 811 2572 dura
825 2507 921 2564 ciebat

264 2614 320 2654 nec
334 2595 440 2653 nimios
454 2604 551 2652 aestus
565 2613 622 2652 nec
635 2595 748 2670 magnis
762 2597 868 2654 viribus
883 2615 976 2655 auras.
1043 2605 1051 2612 “

264 2686 364 2745 omnia
378 2686 457 2744 enim
471 2685 577 2760 pariter
590 2697 726 2743 crescunt
740 2697 769 2744 et
783 2687 889 2744 robora
903 2697 1030 2744 sumunt.
1121 2693 1171 2743 820

306 2777 404 2850 Quare
418 2776 508 2833 etiam
521 2785 609 2850 atque
623 2776 711 2834 etiam
726 2786 889 2834 maternum
903 2795 1013 2835 nomen
1029 2776 1136 2851 adepta

265 2877 340 2925 terra
354 2875 435 2924 tenet
450 2866 562 2937 merite,
578 2867 718 2940 quoniam
732 2885 824 2942 genus
838 2867 901 2941 ipsa
915 2868 1023 2925 creavit

265 2956 426 3014 humanum
441 2966 529 3030 atque
543 2957 650 3014 animal
664 2974 758 3032 prope
774 2967 854 3014 certo
869 2946 1091 3033 temporensudit

265 3065 354 3105 omne
368 3045 450 3122 quod
464 3048 494 3105 in
507 3048 620 3123 magnis
634 3047 794 3104 bacchatur
808 3048 949 3106 montibu'
964 3047 1081 3122 passim,

265 3137 415 3213 aeriasque
430 3138 515 3195 simul
528 3139 661 3196 volucres
674 3137 846 3194 variantibu'
861 3137 969 3196 formis.
1121 3145 1170 3209 825

265 3227 319 3286 sed
333 3229 401 3303 quia
414 3229 503 3286 finem
518 3228 644 3302 aliquam
658 3227 791 3302 pariendi
805 3227 894 3286 debet
908 3227 1023 3300 habere,

266 3317 383 3390 destitit,
399 3330 431 3378 ut
444 3320 547 3377 mulier
560 3319 654 3393 spatio
665 3317 780 3376 defessa
793 3327 917 3376 vetusto.

265 3420 359 3468 mutat
373 3410 451 3468 enim
466 3409 568 3467 mundi
582 3418 715 3466 naturam
729 3409 816 3466 totius
831 3418 909 3466 aetas

266 3519 304 3558 ex
317 3501 433 3576 alioque
447 3499 519 3557 alius
533 3509 624 3558 status
638 3499 773 3574 excipere
788 3499 888 3556 omnia
901 3498 999 3570 debet,
