<?xml version="1.0" encoding="UTF-8"?>
<!DOCTYPE html PUBLIC "-//W3C//DTD XHTML 1.0 Transitional//EN"
    "http://www.w3.org/TR/xhtml1/DTD/xhtml1-transitional.dtd">
<html xmlns="http://www.w3.org/1999/xhtml" xml:lang="en" lang="en">
 <head>
  <title>
</title>
<meta http-equiv="Content-Type" content="text/html;charset=utf-8" />
  <meta name='ocr-system' content='tesseract 3.04.00' />
  <meta name='ocr-capabilities' content='ocr_page ocr_carea ocr_par ocr_line ocrx_word'/>
</head>
<body>
  <div class='ocr_page' id='page_1' title='image "./tlucreticarider01kelsgoog_0269.png"; bbox 0 0 2792 4025; ppageno 0'>
   <div class='ocr_carea' id='block_1_1' title="bbox 208 286 1111 357">
    <p class='ocr_par' dir='ltr' id='par_1_1' title="bbox 208 286 1111 357">
     <span class='ocr_line' id='line_1_1' title="bbox 208 286 1111 357; baseline -0.006 -18"><span class='ocrx_word' id='word_1_1' title='bbox 208 286 277 357; x_wconf 77' lang='lat' dir='ltr'>vu]</span> <span class='ocrx_word' id='word_1_2' title='bbox 431 287 487 339; x_wconf 76' lang='lat' dir='ltr'>me</span> <span class='ocrx_word' id='word_1_3' title='bbox 513 286 660 339; x_wconf 76' lang='lat' dir='ltr'>arnum</span> <span class='ocrx_word' id='word_1_4' title='bbox 688 286 859 341; x_wconf 77' lang='lat' dir='ltr'>nnrunn</span> <span class='ocrx_word' id='word_1_5' title='bbox 1050 286 1111 353; x_wconf 81' lang='lat'>205</span> 
     </span>
    </p>
   </div>
   <div class='ocr_carea' id='block_1_2' title="bbox 172 445 1120 3601">
    <p class='ocr_par' dir='ltr' id='par_1_2' title="bbox 210 445 1115 521">
     <span class='ocr_line' id='line_1_2' title="bbox 210 445 1115 521; baseline 0.004 -18"><span class='ocrx_word' id='word_1_6' title='bbox 210 463 310 503; x_wconf 91' lang='lat' dir='ltr'>norme</span> <span class='ocrx_word' id='word_1_7' title='bbox 324 445 407 504; x_wconf 90' lang='lat' dir='ltr'>vides</span> <span class='ocrx_word' id='word_1_8' title='bbox 422 446 518 519; x_wconf 89' lang='lat' dir='ltr'>etiam,</span> <span class='ocrx_word' id='word_1_9' title='bbox 534 458 677 505; x_wconf 89' lang='lat' dir='ltr'>nocturna</span> <span class='ocrx_word' id='word_1_10' title='bbox 691 447 729 506; x_wconf 89' lang='lat' dir='ltr'>ad</span> <span class='ocrx_word' id='word_1_11' title='bbox 743 447 853 506; x_wconf 89' lang='lat' dir='ltr'>lumina</span> <span class='ocrx_word' id='word_1_12' title='bbox 866 448 958 506; x_wconf 84' lang='lat' dir='ltr'>linum</span> <span class='ocrx_word' id='word_1_13' title='bbox 1065 468 1115 521; x_wconf 85' lang='lat'>900</span> 
     </span>
    </p>

    <p class='ocr_par' dir='ltr' id='par_1_3' title="bbox 208 536 973 611">
     <span class='ocr_line' id='line_1_3' title="bbox 208 536 973 611; baseline 0.008 -18"><span class='ocrx_word' id='word_1_14' title='bbox 208 554 302 611; x_wconf 87' lang='lat' dir='ltr'><strong>nuper</strong></span> <span class='ocrx_word' id='word_1_15' title='bbox 315 536 365 595; x_wconf 88' lang='lat' dir='ltr'>ubi</span> <span class='ocrx_word' id='word_1_16' title='bbox 379 538 538 594; x_wconf 89' lang='lat' dir='ltr'>extinctum</span> <span class='ocrx_word' id='word_1_17' title='bbox 553 538 720 611; x_wconf 86' lang='lat' dir='ltr'>admoveas,</span> <span class='ocrx_word' id='word_1_18' title='bbox 735 538 892 596; x_wconf 84' lang='lat' dir='ltr'>accendier</span> <span class='ocrx_word' id='word_1_19' title='bbox 905 548 973 599; x_wconf 91' lang='lat' dir='ltr'>ante</span> 
     </span>
    </p>

    <p class='ocr_par' dir='ltr' id='par_1_4' title="bbox 208 627 989 703">
     <span class='ocr_line' id='line_1_4' title="bbox 208 627 989 703; baseline 0.005 -20"><span class='ocrx_word' id='word_1_20' title='bbox 208 644 297 701; x_wconf 92' lang='lat' dir='ltr'>quam</span> <span class='ocrx_word' id='word_1_21' title='bbox 311 627 404 703; x_wconf 87' lang='lat' dir='ltr'>tetigit</span> <span class='ocrx_word' id='word_1_22' title='bbox 418 628 575 701; x_wconf 87' lang='lat' dir='ltr'>flammam,</span> <span class='ocrx_word' id='word_1_23' title='bbox 589 628 766 703; x_wconf 86' lang='lat' dir='ltr'>taedamque</span> <span class='ocrx_word' id='word_1_24' title='bbox 781 629 842 703; x_wconf 90' lang='lat' dir='ltr'>pari</span> <span class='ocrx_word' id='word_1_25' title='bbox 856 629 989 688; x_wconf 85' lang='lat' dir='ltr'>ratione?</span> 
     </span>
    </p>

    <p class='ocr_par' dir='ltr' id='par_1_5' title="bbox 209 717 907 794">
     <span class='ocr_line' id='line_1_5' title="bbox 209 717 907 794; baseline 0.006 -21"><span class='ocrx_word' id='word_1_26' title='bbox 209 717 358 792; x_wconf 87' lang='lat' dir='ltr'>multaque</span> <span class='ocrx_word' id='word_1_27' title='bbox 372 728 522 792; x_wconf 88' lang='lat' dir='ltr'>praeterea</span> <span class='ocrx_word' id='word_1_28' title='bbox 536 719 614 792; x_wconf 91' lang='lat' dir='ltr'>prius</span> <span class='ocrx_word' id='word_1_29' title='bbox 628 718 693 793; x_wconf 92' lang='lat' dir='ltr'>ipso</span> <span class='ocrx_word' id='word_1_30' title='bbox 708 728 786 776; x_wconf 91' lang='lat' dir='ltr'>tacta</span> <span class='ocrx_word' id='word_1_31' title='bbox 799 736 907 794; x_wconf 88' lang='lat' dir='ltr'>vapore</span> 
     </span>
    </p>

    <p class='ocr_par' dir='ltr' id='par_1_6' title="bbox 209 806 1000 883">
     <span class='ocr_line' id='line_1_6' title="bbox 209 806 1000 883; baseline 0.005 -20"><span class='ocrx_word' id='word_1_32' title='bbox 209 807 324 864; x_wconf 92' lang='lat' dir='ltr'>eminus</span> <span class='ocrx_word' id='word_1_33' title='bbox 338 806 494 865; x_wconf 88' lang='lat' dir='ltr'>ardescunt</span> <span class='ocrx_word' id='word_1_34' title='bbox 508 826 597 882; x_wconf 91' lang='lat' dir='ltr'>quam</span> <span class='ocrx_word' id='word_1_35' title='bbox 611 810 777 867; x_wconf 89' lang='lat' dir='ltr'>comminus</span> <span class='ocrx_word' id='word_1_36' title='bbox 792 810 904 867; x_wconf 88' lang='lat' dir='ltr'>imbuat</span> <span class='ocrx_word' id='word_1_37' title='bbox 916 809 1000 883; x_wconf 89' lang='lat' dir='ltr'>ignis.</span> 
     </span>
    </p>

    <p class='ocr_par' dir='ltr' id='par_1_7' title="bbox 209 896 1114 1064">
     <span class='ocr_line' id='line_1_7' title="bbox 209 896 1114 973; baseline 0 -18"><span class='ocrx_word' id='word_1_38' title='bbox 209 896 267 955; x_wconf 91' lang='lat' dir='ltr'>hoc</span> <span class='ocrx_word' id='word_1_39' title='bbox 282 899 366 972; x_wconf 90' lang='lat' dir='ltr'>igitur</span> <span class='ocrx_word' id='word_1_40' title='bbox 379 898 440 954; x_wconf 87' lang='lat' dir='ltr'>fieri</span> <span class='ocrx_word' id='word_1_41' title='bbox 455 916 573 973; x_wconf 90' lang='lat' dir='ltr'>quoque</span> <span class='ocrx_word' id='word_1_42' title='bbox 590 898 620 955; x_wconf 91' lang='lat' dir='ltr'>in</span> <span class='ocrx_word' id='word_1_43' title='bbox 633 899 681 956; x_wconf 87' lang='lat' dir='ltr'>illo</span> <span class='ocrx_word' id='word_1_44' title='bbox 695 900 776 956; x_wconf 85' lang='lat' dir='ltr'>sonte</span> <span class='ocrx_word' id='word_1_45' title='bbox 791 899 990 973; x_wconf 83' lang='lat' dir='ltr'><strong>putandumst.</strong></span> <span class='ocrx_word' id='word_1_46' title='bbox 1066 916 1114 973; x_wconf 84' lang='lat'>905</span> 
     </span>
     <span class='ocr_line' id='line_1_8' title="bbox 250 988 1023 1064; baseline 0.005 -20"><span class='ocrx_word' id='word_1_47' title='bbox 250 988 342 1061; x_wconf 90' lang='lat' dir='ltr'>Quod</span> <span class='ocrx_word' id='word_1_48' title='bbox 357 998 497 1064; x_wconf 88' lang='lat' dir='ltr'>superest,</span> <span class='ocrx_word' id='word_1_49' title='bbox 512 1007 598 1063; x_wconf 86' lang='lat' dir='ltr'>agere</span> <span class='ocrx_word' id='word_1_50' title='bbox 611 989 750 1063; x_wconf 88' lang='lat' dir='ltr'>incipiam</span> <span class='ocrx_word' id='word_1_51' title='bbox 764 1007 824 1063; x_wconf 92' lang='lat' dir='ltr'>quo</span> <span class='ocrx_word' id='word_1_52' title='bbox 839 989 958 1047; x_wconf 83' lang='lat' dir='ltr'>foedere</span> <span class='ocrx_word' id='word_1_53' title='bbox 973 992 1023 1049; x_wconf 86' lang='lat' dir='ltr'>fiat</span> 
     </span>
    </p>

    <p class='ocr_par' dir='ltr' id='par_1_8' title="bbox 209 1078 896 1153">
     <span class='ocr_line' id='line_1_9' title="bbox 209 1078 896 1153; baseline 0 -18"><span class='ocrx_word' id='word_1_54' title='bbox 209 1088 339 1148; x_wconf 88' lang='lat' dir='ltr'>naturae,</span> <span class='ocrx_word' id='word_1_55' title='bbox 355 1079 427 1153; x_wconf 93' lang='lat' dir='ltr'>lapis</span> <span class='ocrx_word' id='word_1_56' title='bbox 442 1078 490 1136; x_wconf 89' lang='lat' dir='ltr'>hic</span> <span class='ocrx_word' id='word_1_57' title='bbox 504 1088 537 1136; x_wconf 93' lang='lat' dir='ltr'>ut</span> <span class='ocrx_word' id='word_1_58' title='bbox 550 1079 657 1136; x_wconf 81' lang='lat' dir='ltr'>sermm</span> <span class='ocrx_word' id='word_1_59' title='bbox 671 1078 780 1136; x_wconf 92' lang='lat' dir='ltr'>ducere</span> <span class='ocrx_word' id='word_1_60' title='bbox 795 1080 896 1153; x_wconf 89' lang='lat' dir='ltr'><strong>possit,</strong></span> 
     </span>
    </p>

    <p class='ocr_par' dir='ltr' id='par_1_9' title="bbox 210 1168 965 1244">
     <span class='ocr_line' id='line_1_10' title="bbox 210 1168 965 1244; baseline 0 -18"><span class='ocrx_word' id='word_1_61' title='bbox 210 1187 300 1243; x_wconf 91' lang='lat' dir='ltr'>quem</span> <span class='ocrx_word' id='word_1_62' title='bbox 315 1170 455 1244; x_wconf 85' lang='lat' dir='ltr'>Magneta</span> <span class='ocrx_word' id='word_1_63' title='bbox 468 1179 575 1227; x_wconf 89' lang='lat' dir='ltr'>vocant</span> <span class='ocrx_word' id='word_1_64' title='bbox 588 1170 681 1243; x_wconf 90' lang='lat' dir='ltr'>patrio</span> <span class='ocrx_word' id='word_1_65' title='bbox 696 1168 735 1227; x_wconf 91' lang='lat' dir='ltr'>de</span> <span class='ocrx_word' id='word_1_66' title='bbox 749 1170 869 1227; x_wconf 89' lang='lat' dir='ltr'>nomine</span> <span class='ocrx_word' id='word_1_67' title='bbox 885 1170 965 1239; x_wconf 87' lang='lat' dir='ltr'>Grai,</span> 
     </span>
    </p>

    <p class='ocr_par' dir='ltr' id='par_1_10' title="bbox 211 1259 894 1334">
     <span class='ocr_line' id='line_1_11' title="bbox 211 1259 894 1334; baseline -0.003 -18"><span class='ocrx_word' id='word_1_68' title='bbox 211 1260 384 1334; x_wconf 87' lang='lat' dir='ltr'>Magnetum</span> <span class='ocrx_word' id='word_1_69' title='bbox 398 1260 467 1334; x_wconf 91' lang='lat' dir='ltr'>quia</span> <span class='ocrx_word' id='word_1_70' title='bbox 480 1259 513 1316; x_wconf 91' lang='lat' dir='ltr'>fit</span> <span class='ocrx_word' id='word_1_71' title='bbox 527 1260 626 1334; x_wconf 90' lang='lat' dir='ltr'>patriis</span> <span class='ocrx_word' id='word_1_72' title='bbox 639 1259 670 1317; x_wconf 92' lang='lat' dir='ltr'>in</span> <span class='ocrx_word' id='word_1_73' title='bbox 684 1259 791 1317; x_wconf 88' lang='lat' dir='ltr'>finibus</span> <span class='ocrx_word' id='word_1_74' title='bbox 806 1269 894 1318; x_wconf 89' lang='lat' dir='ltr'>ortus.</span> 
     </span>
    </p>

    <p class='ocr_par' dir='ltr' id='par_1_11' title="bbox 211 1349 1116 1425">
     <span class='ocr_line' id='line_1_12' title="bbox 211 1349 1116 1425; baseline 0.001 -19"><span class='ocrx_word' id='word_1_75' title='bbox 211 1350 289 1407; x_wconf 91' lang='lat' dir='ltr'>hunc</span> <span class='ocrx_word' id='word_1_76' title='bbox 306 1350 440 1407; x_wconf 90' lang='lat' dir='ltr'>homines</span> <span class='ocrx_word' id='word_1_77' title='bbox 455 1349 583 1424; x_wconf 88' lang='lat' dir='ltr'>lapidem</span> <span class='ocrx_word' id='word_1_78' title='bbox 598 1350 738 1407; x_wconf 91' lang='lat' dir='ltr'>mirantur</span> <span class='ocrx_word' id='word_1_79' title='bbox 747 1370 756 1422; x_wconf 81' lang='lat'>3</span> <span class='ocrx_word' id='word_1_80' title='bbox 778 1350 888 1425; x_wconf 91' lang='lat' dir='ltr'>quippe</span> <span class='ocrx_word' id='word_1_81' title='bbox 903 1359 1038 1407; x_wconf 88' lang='lat' dir='ltr'>catenam</span> <span class='ocrx_word' id='word_1_82' title='bbox 1066 1370 1116 1423; x_wconf 87' lang='lat'>910</span> 
     </span>
    </p>

    <p class='ocr_par' dir='ltr' id='par_1_12' title="bbox 211 1426 1025 1515">
     <span class='ocr_line' id='line_1_13' title="bbox 211 1426 1025 1515; baseline 0.001 -18"><span class='ocrx_word' id='word_1_83' title='bbox 211 1458 299 1515; x_wconf 88' lang='lat' dir='ltr'>saepe</span> <span class='ocrx_word' id='word_1_84' title='bbox 313 1458 351 1497; x_wconf 86' lang='lat' dir='ltr'>ex</span> <span class='ocrx_word' id='word_1_85' title='bbox 364 1441 463 1497; x_wconf 80' lang='lat' dir='ltr'>anellis</span> <span class='ocrx_word' id='word_1_86' title='bbox 477 1440 574 1498; x_wconf 87' lang='lat' dir='ltr'>reddit</span> <span class='ocrx_word' id='word_1_87' title='bbox 588 1440 786 1515; x_wconf 86' lang='lat' dir='ltr'>pendentibus</span> <span class='ocrx_word' id='word_1_88' title='bbox 801 1458 837 1497; x_wconf 89' lang='lat' dir='ltr'>ex</span> <span class='ocrx_word' id='word_1_89' title='bbox 851 1457 892 1499; x_wconf 91' lang='lat' dir='ltr'>se.</span> <span class='ocrx_word' id='word_1_90' title='bbox 1022 1426 1025 1433; x_wconf 41' lang='lat'><strong><em>⁵</em></strong></span> 
     </span>
    </p>

    <p class='ocr_par' dir='ltr' id='par_1_13' title="bbox 211 1529 989 1606">
     <span class='ocr_line' id='line_1_14' title="bbox 211 1529 989 1606; baseline 0.004 -20"><span class='ocrx_word' id='word_1_91' title='bbox 211 1531 339 1606; x_wconf 92' lang='lat' dir='ltr'>quinque</span> <span class='ocrx_word' id='word_1_92' title='bbox 355 1531 463 1588; x_wconf 90' lang='lat' dir='ltr'>etenim</span> <span class='ocrx_word' id='word_1_93' title='bbox 477 1531 545 1589; x_wconf 89' lang='lat' dir='ltr'>lieet</span> <span class='ocrx_word' id='word_1_94' title='bbox 558 1530 705 1589; x_wconf 92' lang='lat' dir='ltr'>interdum</span> <span class='ocrx_word' id='word_1_95' title='bbox 720 1531 876 1605; x_wconf 89' lang='lat' dir='ltr'>pluresque</span> <span class='ocrx_word' id='word_1_96' title='bbox 889 1529 989 1589; x_wconf 90' lang='lat' dir='ltr'>videre</span> 
     </span>
    </p>

    <p class='ocr_par' dir='ltr' id='par_1_14' title="bbox 210 1616 839 1693">
     <span class='ocr_line' id='line_1_15' title="bbox 210 1616 839 1693; baseline 0 -14"><span class='ocrx_word' id='word_1_97' title='bbox 210 1622 314 1680; x_wconf 86' lang='lat' dir='ltr'>ordine</span> <span class='ocrx_word' id='word_1_98' title='bbox 328 1620 470 1679; x_wconf 91' lang='lat' dir='ltr'>demissos</span> <span class='ocrx_word' id='word_1_99' title='bbox 484 1622 595 1680; x_wconf 85' lang='lat' dir='ltr'>levibus</span> <span class='ocrx_word' id='word_1_100' title='bbox 609 1616 740 1679; x_wconf 88' lang='lat' dir='ltr'>iactarier</span> <span class='ocrx_word' id='word_1_101' title='bbox 753 1621 839 1693; x_wconf 76' lang='lat' dir='ltr'>auriS,</span> 
     </span>
    </p>

    <p class='ocr_par' dir='ltr' id='par_1_15' title="bbox 211 1711 928 1788">
     <span class='ocr_line' id='line_1_16' title="bbox 211 1711 928 1788; baseline 0.001 -19"><span class='ocrx_word' id='word_1_102' title='bbox 211 1731 286 1770; x_wconf 91' lang='lat' dir='ltr'>unus</span> <span class='ocrx_word' id='word_1_103' title='bbox 300 1713 349 1770; x_wconf 88' lang='lat' dir='ltr'>ubi</span> <span class='ocrx_word' id='word_1_104' title='bbox 364 1730 401 1769; x_wconf 87' lang='lat' dir='ltr'>ex</span> <span class='ocrx_word' id='word_1_105' title='bbox 414 1730 475 1770; x_wconf 94' lang='lat' dir='ltr'>uno</span> <span class='ocrx_word' id='word_1_106' title='bbox 488 1712 639 1787; x_wconf 89' lang='lat' dir='ltr'>dependet</span> <span class='ocrx_word' id='word_1_107' title='bbox 653 1722 753 1788; x_wconf 89' lang='lat' dir='ltr'>supter</span> <span class='ocrx_word' id='word_1_108' title='bbox 767 1711 928 1770; x_wconf 88' lang='lat' dir='ltr'>adhaerens</span> 
     </span>
    </p>

    <p class='ocr_par' dir='ltr' id='par_1_16' title="bbox 211 1802 1116 1878">
     <span class='ocr_line' id='line_1_17' title="bbox 211 1802 1116 1878; baseline -0.004 -17"><span class='ocrx_word' id='word_1_109' title='bbox 211 1821 249 1861; x_wconf 90' lang='lat' dir='ltr'>ex</span> <span class='ocrx_word' id='word_1_110' title='bbox 261 1803 376 1878; x_wconf 90' lang='lat' dir='ltr'>alioque</span> <span class='ocrx_word' id='word_1_111' title='bbox 391 1802 463 1860; x_wconf 92' lang='lat' dir='ltr'>alius</span> <span class='ocrx_word' id='word_1_112' title='bbox 476 1802 579 1878; x_wconf 87' lang='lat' dir='ltr'>lapidis</span> <span class='ocrx_word' id='word_1_113' title='bbox 592 1804 651 1860; x_wconf 95' lang='lat' dir='ltr'>vim</span> <span class='ocrx_word' id='word_1_114' title='bbox 665 1803 820 1878; x_wconf 89' lang='lat' dir='ltr'>vinclaque</span> <span class='ocrx_word' id='word_1_115' title='bbox 834 1804 948 1861; x_wconf 89' lang='lat' dir='ltr'>noscit:</span> <span class='ocrx_word' id='word_1_116' title='bbox 1069 1823 1098 1875; x_wconf 89' lang='lat'>9¹</span> <span class='ocrx_word' id='word_1_117' title='bbox 1103 1819 1116 1873; x_wconf 80' lang='lat'>5</span> 
     </span>
    </p>

    <p class='ocr_par' dir='ltr' id='par_1_17' title="bbox 213 1892 1093 2060">
     <span class='ocr_line' id='line_1_18' title="bbox 213 1892 904 1969; baseline 0.003 -18"><span class='ocrx_word' id='word_1_118' title='bbox 213 1912 306 1969; x_wconf 90' lang='lat' dir='ltr'>usque</span> <span class='ocrx_word' id='word_1_119' title='bbox 321 1892 397 1951; x_wconf 90' lang='lat' dir='ltr'>adeo</span> <span class='ocrx_word' id='word_1_120' title='bbox 412 1904 617 1969; x_wconf 87' lang='lat' dir='ltr'>permananter</span> <span class='ocrx_word' id='word_1_121' title='bbox 630 1895 672 1951; x_wconf 90' lang='lat' dir='ltr'>vis</span> <span class='ocrx_word' id='word_1_122' title='bbox 687 1895 818 1968; x_wconf 89' lang='lat' dir='ltr'>pervolat</span> <span class='ocrx_word' id='word_1_123' title='bbox 833 1894 904 1953; x_wconf 79' lang='lat' dir='ltr'>eius,</span> 
     </span>
     <span class='ocr_line' id='line_1_19' title="bbox 255 1983 1093 2060; baseline -0.001 -17"><span class='ocrx_word' id='word_1_124' title='bbox 255 1986 325 2043; x_wconf 94' lang='lat' dir='ltr'>Hoc</span> <span class='ocrx_word' id='word_1_125' title='bbox 340 2002 431 2060; x_wconf 90' lang='lat' dir='ltr'>genus</span> <span class='ocrx_word' id='word_1_126' title='bbox 447 1984 476 2042; x_wconf 89' lang='lat' dir='ltr'>in</span> <span class='ocrx_word' id='word_1_127' title='bbox 490 1985 575 2043; x_wconf 90' lang='lat' dir='ltr'>rebus</span> <span class='ocrx_word' id='word_1_128' title='bbox 590 1983 793 2043; x_wconf 86' lang='lat' dir='ltr'>firmandumst</span> <span class='ocrx_word' id='word_1_129' title='bbox 807 1984 897 2042; x_wconf 88' lang='lat' dir='ltr'>muita</span> <span class='ocrx_word' id='word_1_130' title='bbox 911 1984 989 2060; x_wconf 88' lang='lat' dir='ltr'>prius</span> <span class='ocrx_word' id='word_1_131' title='bbox 1004 2002 1093 2060; x_wconf 88' lang='lat' dir='ltr'>quam</span> 
     </span>
    </p>

    <p class='ocr_par' dir='ltr' id='par_1_18' title="bbox 213 2075 772 2151">
     <span class='ocr_line' id='line_1_20' title="bbox 213 2075 772 2151; baseline 0 -17"><span class='ocrx_word' id='word_1_132' title='bbox 213 2076 304 2151; x_wconf 91' lang='lat' dir='ltr'>ipsius</span> <span class='ocrx_word' id='word_1_133' title='bbox 318 2077 358 2133; x_wconf 91' lang='lat' dir='ltr'>rei</span> <span class='ocrx_word' id='word_1_134' title='bbox 373 2077 515 2134; x_wconf 86' lang='lat' dir='ltr'>rationem</span> <span class='ocrx_word' id='word_1_135' title='bbox 529 2075 653 2133; x_wconf 89' lang='lat' dir='ltr'>reddere</span> <span class='ocrx_word' id='word_1_136' title='bbox 668 2076 772 2150; x_wconf 89' lang='lat' dir='ltr'>possis,</span> 
     </span>
    </p>

    <p class='ocr_par' dir='ltr' id='par_1_19' title="bbox 212 2165 933 2240">
     <span class='ocr_line' id='line_1_21' title="bbox 212 2165 933 2240; baseline -0.003 -16"><span class='ocrx_word' id='word_1_137' title='bbox 212 2177 243 2224; x_wconf 93' lang='lat' dir='ltr'>et</span> <span class='ocrx_word' id='word_1_138' title='bbox 256 2167 379 2224; x_wconf 91' lang='lat' dir='ltr'>nimium</span> <span class='ocrx_word' id='word_1_139' title='bbox 392 2166 486 2240; x_wconf 87' lang='lat' dir='ltr'>longis</span> <span class='ocrx_word' id='word_1_140' title='bbox 500 2166 670 2240; x_wconf 87' lang='lat' dir='ltr'>ambagibus</span> <span class='ocrx_word' id='word_1_141' title='bbox 684 2175 729 2222; x_wconf 92' lang='lat' dir='ltr'>est</span> <span class='ocrx_word' id='word_1_142' title='bbox 743 2165 913 2222; x_wconf 90' lang='lat' dir='ltr'>adeundum</span> <span class='ocrx_word' id='word_1_143' title='bbox 921 2185 933 2236; x_wconf 93' lang='lat'>.;</span> 
     </span>
    </p>

    <p class='ocr_par' dir='ltr' id='par_1_20' title="bbox 212 2256 1120 2422">
     <span class='ocr_line' id='line_1_22' title="bbox 212 2256 1120 2334; baseline -0.004 -20"><span class='ocrx_word' id='word_1_144' title='bbox 212 2276 273 2334; x_wconf 94' lang='lat' dir='ltr'>quo</span> <span class='ocrx_word' id='word_1_145' title='bbox 288 2257 379 2332; x_wconf 89' lang='lat' dir='ltr'>magis</span> <span class='ocrx_word' id='word_1_146' title='bbox 393 2266 517 2314; x_wconf 85' lang='lat' dir='ltr'>attentas</span> <span class='ocrx_word' id='word_1_147' title='bbox 532 2257 607 2314; x_wconf 84' lang='lat' dir='ltr'>aun‘s</span> <span class='ocrx_word' id='word_1_148' title='bbox 622 2256 810 2331; x_wconf 90' lang='lat' dir='ltr'>animumque</span> <span class='ocrx_word' id='word_1_149' title='bbox 826 2273 961 2330; x_wconf 69' lang='lat' dir='ltr'>reposca</span> <span class='ocrx_word' id='word_1_150' title='bbox 1071 2277 1120 2326; x_wconf 89' lang='lat'>920</span> 
     </span>
     <span class='ocr_line' id='line_1_23' title="bbox 256 2345 1087 2422; baseline -0.004 -16"><span class='ocrx_word' id='word_1_151' title='bbox 256 2347 401 2422; x_wconf 91' lang='lat' dir='ltr'>Principio</span> <span class='ocrx_word' id='word_1_152' title='bbox 416 2347 553 2405; x_wconf 91' lang='lat' dir='ltr'>omnibus</span> <span class='ocrx_word' id='word_1_153' title='bbox 567 2346 604 2405; x_wconf 90' lang='lat' dir='ltr'>ab</span> <span class='ocrx_word' id='word_1_154' title='bbox 618 2346 715 2416; x_wconf 90' lang='lat' dir='ltr'>rebus,</span> <span class='ocrx_word' id='word_1_155' title='bbox 730 2363 930 2420; x_wconf 89' lang='lat' dir='ltr'>quascumque</span> <span class='ocrx_word' id='word_1_156' title='bbox 945 2345 1087 2418; x_wconf 89' lang='lat' dir='ltr'>videmus,</span> 
     </span>
    </p>

    <p class='ocr_par' dir='ltr' id='par_1_21' title="bbox 213 2437 931 2513">
     <span class='ocr_line' id='line_1_24' title="bbox 213 2437 931 2513; baseline -0.001 -19"><span class='ocrx_word' id='word_1_157' title='bbox 213 2448 356 2513; x_wconf 91' lang='lat' dir='ltr'>perpetuo</span> <span class='ocrx_word' id='word_1_158' title='bbox 371 2438 460 2495; x_wconf 89' lang='lat' dir='ltr'>fluere</span> <span class='ocrx_word' id='word_1_159' title='bbox 476 2455 510 2494; x_wconf 93' lang='lat' dir='ltr'>ac</span> <span class='ocrx_word' id='word_1_160' title='bbox 525 2437 599 2494; x_wconf 90' lang='lat' dir='ltr'>mitti</span> <span class='ocrx_word' id='word_1_161' title='bbox 614 2437 769 2512; x_wconf 89' lang='lat' dir='ltr'>spargique</span> <span class='ocrx_word' id='word_1_162' title='bbox 784 2447 931 2494; x_wconf 86' lang='lat' dir='ltr'>necessest</span> 
     </span>
    </p>

    <p class='ocr_par' dir='ltr' id='par_1_22' title="bbox 213 2526 992 2604">
     <span class='ocr_line' id='line_1_25' title="bbox 213 2526 992 2604; baseline -0.003 -18"><span class='ocrx_word' id='word_1_163' title='bbox 213 2546 338 2604; x_wconf 91' lang='lat' dir='ltr'>corpora</span> <span class='ocrx_word' id='word_1_164' title='bbox 352 2546 428 2602; x_wconf 89' lang='lat' dir='ltr'>quae</span> <span class='ocrx_word' id='word_1_165' title='bbox 442 2529 545 2586; x_wconf 86' lang='lat' dir='ltr'>feriant</span> <span class='ocrx_word' id='word_1_166' title='bbox 558 2528 659 2586; x_wconf 91' lang='lat' dir='ltr'>oculos</span> <span class='ocrx_word' id='word_1_167' title='bbox 674 2527 826 2601; x_wconf 91' lang='lat' dir='ltr'>visumque</span> <span class='ocrx_word' id='word_1_168' title='bbox 841 2526 992 2584; x_wconf 87' lang='lat' dir='ltr'>lacessant.</span> 
     </span>
    </p>

    <p class='ocr_par' dir='ltr' id='par_1_23' title="bbox 213 2617 915 2695">
     <span class='ocr_line' id='line_1_26' title="bbox 213 2617 915 2695; baseline -0.001 -19"><span class='ocrx_word' id='word_1_169' title='bbox 213 2630 415 2695; x_wconf 92' lang='lat' dir='ltr'>perpetuoque</span> <span class='ocrx_word' id='word_1_170' title='bbox 429 2620 522 2678; x_wconf 86' lang='lat' dir='ltr'>fluunt</span> <span class='ocrx_word' id='word_1_171' title='bbox 535 2619 621 2677; x_wconf 88' lang='lat' dir='ltr'>certis</span> <span class='ocrx_word' id='word_1_172' title='bbox 635 2618 673 2677; x_wconf 87' lang='lat' dir='ltr'>ab</span> <span class='ocrx_word' id='word_1_173' title='bbox 687 2619 774 2676; x_wconf 91' lang='lat' dir='ltr'>rebus</span> <span class='ocrx_word' id='word_1_174' title='bbox 788 2617 915 2690; x_wconf 88' lang='lat' dir='ltr'>odores;</span> 
     </span>
    </p>

    <p class='ocr_par' dir='ltr' id='par_1_24' title="bbox 214 2707 1119 2785">
     <span class='ocr_line' id='line_1_27' title="bbox 214 2707 1119 2785; baseline -0.006 -17"><span class='ocrx_word' id='word_1_175' title='bbox 214 2711 301 2785; x_wconf 85' lang='lat' dir='ltr'>frigus</span> <span class='ocrx_word' id='word_1_176' title='bbox 314 2720 346 2767; x_wconf 93' lang='lat' dir='ltr'>ut</span> <span class='ocrx_word' id='word_1_177' title='bbox 360 2729 378 2767; x_wconf 90' lang='lat' dir='ltr'>a</span> <span class='ocrx_word' id='word_1_178' title='bbox 390 2710 492 2782; x_wconf 85' lang='lat' dir='ltr'>fluviis,</span> <span class='ocrx_word' id='word_1_179' title='bbox 506 2711 586 2768; x_wconf 89' lang='lat' dir='ltr'>calor</span> <span class='ocrx_word' id='word_1_180' title='bbox 599 2709 637 2768; x_wconf 89' lang='lat' dir='ltr'>ab</span> <span class='ocrx_word' id='word_1_181' title='bbox 652 2710 723 2780; x_wconf 88' lang='lat' dir='ltr'>soie,</span> <span class='ocrx_word' id='word_1_182' title='bbox 739 2720 835 2767; x_wconf 90' lang='lat' dir='ltr'>aestus</span> <span class='ocrx_word' id='word_1_183' title='bbox 849 2709 886 2765; x_wconf 86' lang='lat' dir='ltr'>ab</span> <span class='ocrx_word' id='word_1_184' title='bbox 902 2707 990 2766; x_wconf 90' lang='lat' dir='ltr'>undis</span> <span class='ocrx_word' id='word_1_185' title='bbox 1071 2726 1119 2780; x_wconf 83' lang='lat'>925</span> 
     </span>
    </p>

    <p class='ocr_par' dir='ltr' id='par_1_25' title="bbox 214 2801 885 2876">
     <span class='ocr_line' id='line_1_28' title="bbox 214 2801 885 2876; baseline -0.003 -18"><span class='ocrx_word' id='word_1_186' title='bbox 214 2801 348 2876; x_wconf 89' lang='lat' dir='ltr'>aequoris</span> <span class='ocrx_word' id='word_1_187' title='bbox 362 2819 467 2858; x_wconf 84' lang='lat' dir='ltr'>exesor</span> <span class='ocrx_word' id='word_1_188' title='bbox 479 2819 646 2858; x_wconf 90' lang='lat' dir='ltr'>moerorum</span> <span class='ocrx_word' id='word_1_189' title='bbox 661 2801 744 2858; x_wconf 90' lang='lat' dir='ltr'>litora</span> <span class='ocrx_word' id='word_1_190' title='bbox 758 2809 885 2875; x_wconf 91' lang='lat' dir='ltr'>propter.</span> 
     </span>
    </p>

    <p class='ocr_par' dir='ltr' id='par_1_26' title="bbox 214 2891 917 2965">
     <span class='ocr_line' id='line_1_29' title="bbox 214 2891 917 2965; baseline -0.001 -16"><span class='ocrx_word' id='word_1_191' title='bbox 214 2910 271 2949; x_wconf 91' lang='lat' dir='ltr'>nec</span> <span class='ocrx_word' id='word_1_192' title='bbox 285 2891 353 2948; x_wconf 92' lang='lat' dir='ltr'>varii</span> <span class='ocrx_word' id='word_1_193' title='bbox 367 2902 483 2949; x_wconf 86' lang='lat' dir='ltr'>cessant</span> <span class='ocrx_word' id='word_1_194' title='bbox 497 2893 608 2950; x_wconf 89' lang='lat' dir='ltr'>sonitus</span> <span class='ocrx_word' id='word_1_195' title='bbox 623 2909 742 2949; x_wconf 90' lang='lat' dir='ltr'>manare</span> <span class='ocrx_word' id='word_1_196' title='bbox 758 2908 811 2965; x_wconf 87' lang='lat' dir='ltr'>per</span> <span class='ocrx_word' id='word_1_197' title='bbox 825 2909 917 2948; x_wconf 90' lang='lat' dir='ltr'>auras.</span> 
     </span>
    </p>

    <p class='ocr_par' dir='ltr' id='par_1_27' title="bbox 214 2980 945 3056">
     <span class='ocr_line' id='line_1_30' title="bbox 214 2980 945 3056; baseline 0 -18"><span class='ocrx_word' id='word_1_198' title='bbox 214 2980 344 3056; x_wconf 90' lang='lat' dir='ltr'>denique</span> <span class='ocrx_word' id='word_1_199' title='bbox 357 2982 388 3039; x_wconf 90' lang='lat' dir='ltr'>in</span> <span class='ocrx_word' id='word_1_200' title='bbox 401 3000 436 3040; x_wconf 92' lang='lat' dir='ltr'>os</span> <span class='ocrx_word' id='word_1_201' title='bbox 449 2981 515 3040; x_wconf 86' lang='lat' dir='ltr'>salsi</span> <span class='ocrx_word' id='word_1_202' title='bbox 528 2983 608 3040; x_wconf 89' lang='lat' dir='ltr'>veuit</span> <span class='ocrx_word' id='word_1_203' title='bbox 621 3000 708 3040; x_wconf 92' lang='lat' dir='ltr'>umor</span> <span class='ocrx_word' id='word_1_204' title='bbox 722 2999 810 3056; x_wconf 88' lang='lat' dir='ltr'>saepe</span> <span class='ocrx_word' id='word_1_205' title='bbox 826 2981 945 3055; x_wconf 88' lang='lat' dir='ltr'>saporis,</span> 
     </span>
    </p>

    <p class='ocr_par' dir='ltr' id='par_1_28' title="bbox 215 3071 961 3148">
     <span class='ocr_line' id='line_1_31' title="bbox 215 3071 961 3148; baseline 0 -20"><span class='ocrx_word' id='word_1_206' title='bbox 215 3091 284 3129; x_wconf 92' lang='lat' dir='ltr'>cum</span> <span class='ocrx_word' id='word_1_207' title='bbox 297 3090 377 3130; x_wconf 88' lang='lat' dir='ltr'>mare</span> <span class='ocrx_word' id='word_1_208' title='bbox 390 3090 538 3130; x_wconf 91' lang='lat' dir='ltr'>versamur</span> <span class='ocrx_word' id='word_1_209' title='bbox 550 3083 678 3148; x_wconf 88' lang='lat' dir='ltr'>propter,</span> <span class='ocrx_word' id='word_1_210' title='bbox 694 3071 843 3146; x_wconf 88' lang='lat' dir='ltr'>dilutaque</span> <span class='ocrx_word' id='word_1_211' title='bbox 858 3081 961 3129; x_wconf 90' lang='lat' dir='ltr'>contra</span> 
     </span>
    </p>

    <p class='ocr_par' dir='ltr' id='par_1_29' title="bbox 215 3163 1119 3328">
     <span class='ocr_line' id='line_1_32' title="bbox 215 3163 1119 3238; baseline -0.002 -19"><span class='ocrx_word' id='word_1_212' title='bbox 215 3181 283 3220; x_wconf 91' lang='lat' dir='ltr'>cum</span> <span class='ocrx_word' id='word_1_213' title='bbox 298 3163 405 3221; x_wconf 90' lang='lat' dir='ltr'>tuimur</span> <span class='ocrx_word' id='word_1_214' title='bbox 417 3163 532 3221; x_wconf 90' lang='lat' dir='ltr'>misceri</span> <span class='ocrx_word' id='word_1_215' title='bbox 545 3163 698 3234; x_wconf 89' lang='lat' dir='ltr'>absinthia,</span> <span class='ocrx_word' id='word_1_216' title='bbox 713 3163 805 3238; x_wconf 89' lang='lat' dir='ltr'>tangit</span> <span class='ocrx_word' id='word_1_217' title='bbox 818 3180 940 3220; x_wconf 89' lang='lat' dir='ltr'>amaror.</span> <span class='ocrx_word' id='word_1_218' title='bbox 1070 3180 1119 3233; x_wconf 87' lang='lat'>930</span> 
     </span>
     <span class='ocr_line' id='line_1_33' title="bbox 215 3251 1047 3328; baseline -0.001 -19"><span class='ocrx_word' id='word_1_219' title='bbox 215 3251 398 3327; x_wconf 89' lang='lat' dir='ltr'>usqueadeo</span> <span class='ocrx_word' id='word_1_220' title='bbox 412 3254 547 3311; x_wconf 90' lang='lat' dir='ltr'>omnibus</span> <span class='ocrx_word' id='word_1_221' title='bbox 561 3254 598 3312; x_wconf 91' lang='lat' dir='ltr'>ab</span> <span class='ocrx_word' id='word_1_222' title='bbox 612 3254 699 3311; x_wconf 89' lang='lat' dir='ltr'>rebus</span> <span class='ocrx_word' id='word_1_223' title='bbox 713 3270 758 3310; x_wconf 91' lang='lat' dir='ltr'>res</span> <span class='ocrx_word' id='word_1_224' title='bbox 773 3271 908 3328; x_wconf 89' lang='lat' dir='ltr'>quaeque</span> <span class='ocrx_word' id='word_1_225' title='bbox 925 3252 1047 3309; x_wconf 86' lang='lat' dir='ltr'>fluenter</span> 
     </span>
    </p>

    <p class='ocr_par' dir='ltr' id='par_1_30' title="bbox 172 3328 936 3418">
     <span class='ocr_line' id='line_1_34' title="bbox 172 3328 936 3418; baseline 0.001 -18"><span class='ocrx_word' id='word_1_226' title='bbox 172 3328 177 3337; x_wconf 74' lang='grc'>’</span> <span class='ocrx_word' id='word_1_227' title='bbox 215 3343 303 3401; x_wconf 82' lang='lat' dir='ltr'>fertur</span> <span class='ocrx_word' id='word_1_228' title='bbox 316 3353 346 3400; x_wconf 89' lang='lat' dir='ltr'>et</span> <span class='ocrx_word' id='word_1_229' title='bbox 359 3344 389 3400; x_wconf 93' lang='lat' dir='ltr'>in</span> <span class='ocrx_word' id='word_1_230' title='bbox 403 3356 524 3401; x_wconf 90' lang='lat' dir='ltr'>cunctas</span> <span class='ocrx_word' id='word_1_231' title='bbox 538 3343 690 3401; x_wconf 89' lang='lat' dir='ltr'>dimittitur</span> <span class='ocrx_word' id='word_1_232' title='bbox 703 3343 833 3418; x_wconf 90' lang='lat' dir='ltr'>undique</span> <span class='ocrx_word' id='word_1_233' title='bbox 848 3344 936 3418; x_wconf 88' lang='lat' dir='ltr'>partis</span> 
     </span>
    </p>

    <p class='ocr_par' dir='ltr' id='par_1_31' title="bbox 214 3432 944 3508">
     <span class='ocr_line' id='line_1_35' title="bbox 214 3432 944 3508; baseline -0.003 -16"><span class='ocrx_word' id='word_1_234' title='bbox 214 3451 272 3492; x_wconf 92' lang='lat' dir='ltr'>nec</span> <span class='ocrx_word' id='word_1_235' title='bbox 286 3451 368 3491; x_wconf 90' lang='lat' dir='ltr'>mora</span> <span class='ocrx_word' id='word_1_236' title='bbox 380 3452 437 3492; x_wconf 91' lang='lat' dir='ltr'>nec</span> <span class='ocrx_word' id='word_1_237' title='bbox 451 3433 566 3508; x_wconf 91' lang='lat' dir='ltr'>requies</span> <span class='ocrx_word' id='word_1_238' title='bbox 579 3433 741 3492; x_wconf 87' lang='lat' dir='ltr'>interdatur</span> <span class='ocrx_word' id='word_1_239' title='bbox 753 3434 811 3491; x_wconf 84' lang='lat' dir='ltr'>ulla</span> <span class='ocrx_word' id='word_1_240' title='bbox 825 3432 944 3504; x_wconf 88' lang='lat' dir='ltr'>fluendi,</span> 
     </span>
    </p>

    <p class='ocr_par' dir='ltr' id='par_1_32' title="bbox 214 3523 960 3601">
     <span class='ocr_line' id='line_1_36' title="bbox 214 3523 960 3601; baseline -0.003 -19"><span class='ocrx_word' id='word_1_241' title='bbox 214 3535 357 3601; x_wconf 89' lang='lat' dir='ltr'>perpetuo</span> <span class='ocrx_word' id='word_1_242' title='bbox 371 3524 510 3601; x_wconf 89' lang='lat' dir='ltr'>quoniam</span> <span class='ocrx_word' id='word_1_243' title='bbox 524 3525 674 3597; x_wconf 87' lang='lat' dir='ltr'>sentimus,</span> <span class='ocrx_word' id='word_1_244' title='bbox 688 3533 719 3583; x_wconf 92' lang='lat' dir='ltr'>et</span> <span class='ocrx_word' id='word_1_245' title='bbox 732 3523 831 3582; x_wconf 84' lang='lat' dir='ltr'>omnia</span> <span class='ocrx_word' id='word_1_246' title='bbox 844 3541 960 3600; x_wconf 89' lang='lat' dir='ltr'>semper</span> 
     </span>
    </p>
   </div>
   <div class='ocr_carea' id='block_1_3' title="bbox 0 0 1409 4025">
    <p class='ocr_par' dir='ltr' id='par_1_33' title="bbox 0 0 1409 4025">
     <span class='ocr_line' id='line_1_37' title="bbox 0 0 1409 4025; baseline 0 0"><span class='ocrx_word' id='word_1_247' title='bbox 0 0 1409 4025; x_wconf 95' lang='lat' dir='ltr'> </span> 
     </span>
    </p>
   </div>
  </div>
 </body>
</html>
