2792 4025
265 259 325 322 188
595 272 830 328 nuenarius
1099 270 1167 345 [vn

260 432 370 492 fervida
383 432 415 492 fit
428 434 510 509 glans
524 433 555 492 in
569 452 665 505 cursu,
679 452 749 491 cum
763 434 855 493 multa
868 434 968 510 rigoris

261 542 385 600 corpora
398 523 548 582 dimittens
563 526 660 600 ignem
675 526 813 600 concepit
828 526 858 583 in
872 526 958 584 auris.

259 614 292 673 fit
306 633 425 689 quoque
441 625 473 673 ut
487 616 576 690 ipsius
591 616 693 691 plagae
707 616 750 673 vis
765 616 873 674 excitet
888 618 995 691 ignem,

259 704 363 780 frigida
375 723 444 762 cum
457 705 535 763 venti
550 706 662 780 pepulit
674 706 717 763 vis
732 706 821 763 missa
834 707 896 765 sine
910 706 979 781 igni,

259 795 395 852 nimimm
409 796 486 869 quia,
502 814 570 853 cum
584 796 712 853 vementi
727 797 934 871 perculitictu,

259 885 407 943 confluere
421 904 458 943 ex
472 885 536 959 ipso
551 896 673 960 possunt
687 886 833 944 elementa
847 886 961 961 vaporis

259 985 290 1034 et
303 975 387 1033 simul
402 994 438 1033 ex
452 976 500 1032 illa
513 994 588 1049 quae
603 986 665 1033 turn
679 994 725 1034 res
740 977 848 1051 excipit
863 977 973 1048 ictum;

258 1076 292 1124 ut
304 1064 432 1141 lapidem
447 1066 522 1123 ferro
537 1084 605 1123 cum
620 1066 780 1138 caedimus,
796 1066 891 1125 evolat
905 1067 988 1141 ignis,

259 1161 326 1229 nec,
341 1156 423 1231 quod
437 1156 540 1231 frigida
552 1157 595 1215 vis
609 1157 709 1229 ferrist,
725 1156 782 1216 hoc
796 1158 885 1217 setius
899 1157 939 1215 illi

259 1248 371 1305 semina
384 1257 561 1305 concurrunt
575 1246 661 1305 calidi
675 1247 791 1323 fulgoris
806 1246 845 1305 ad
858 1248 958 1307 ictum.

258 1338 300 1412 sic
315 1337 401 1412 igitur
414 1355 533 1411 quoque
547 1356 593 1395 res
607 1337 733 1395 accendi
748 1338 867 1397 fulmine
882 1336 981 1410 debet,

258 1437 424 1503 opportuna
437 1428 491 1486 fuit
504 1428 526 1485 si
542 1428 615 1485 forte
630 1437 660 1485 et
674 1427 782 1486 idonea
795 1428 928 1487 flammis.

257 1536 315 1576 nec
329 1528 439 1576 temere
454 1519 575 1577 omnino
590 1518 676 1593 plane
690 1521 733 1576 vis
749 1517 851 1594 frigida
864 1519 942 1577 venti

258 1626 322 1667 esse
337 1619 443 1684 potest,
459 1626 584 1683 eaquae
599 1619 680 1667 tanta
692 1610 720 1666 vi
735 1609 822 1667 missa
835 1618 997 1684 supemest,

259 1700 338 1774 quin,
353 1700 432 1774 prius
447 1700 476 1756 in
490 1718 576 1757 cursu
591 1700 615 1757 si
628 1718 689 1758 non
704 1699 875 1758 accenditur
889 1701 957 1775 igni,

260 1799 290 1848 at
304 1790 451 1865 tepefacta
463 1799 561 1847 tamen
576 1791 672 1848 veniat
685 1790 846 1848 commixta
859 1791 964 1849 calore.

301 1880 450 1937 Mobilitas
463 1890 562 1938 autem
576 1881 609 1939 fit
623 1881 749 1939 fulminis
764 1891 793 1939 et
806 1882 899 1957 gravis
914 1882 998 1952 ictus,

250 1980 289 2029 -et
303 1970 389 2029 celeri
404 1971 493 2028 ferme
508 1981 679 2046 percurrunt
694 1971 814 2030 fulmina
827 1969 919 2048 lapsu,

258 2063 385 2120 nubibus
399 2063 462 2136 ipsa
476 2061 557 2136 quod
572 2063 696 2120 omnino
714 2063 792 2138 prius
807 2063 896 2120 incita
909 2081 941 2121 se
954 2061 997 2122 vis
1117 2079 1165 2134 3²5

259 2153 368 2228 colligit
382 2162 412 2209 et
426 2170 563 2226 magnum
578 2170 726 2210 conamen
740 2153 828 2210 sumit
842 2151 941 2223 eundi,

258 2243 328 2301 inde
342 2243 391 2301 ubi
406 2261 466 2300 non
482 2243 578 2318 potuit
591 2244 684 2300 nubes
698 2261 804 2319 capere
819 2244 924 2318 inpetis
939 2253 1066 2319 auctum,

259 2335 428 2409 exprimitur
441 2334 484 2390 vis
499 2343 586 2407 atque
601 2333 670 2391 ideo
684 2335 763 2392 volat
777 2335 886 2409 impete
901 2335 985 2406 mire,

258 2434 290 2483 ut
303 2425 404 2482 validis
418 2442 494 2498 quae
509 2423 547 2481 de
562 2425 712 2482 tormentis
728 2425 815 2482 missa
829 2426 966 2483 feruntur.

258 2515 336 2573 adde
351 2513 433 2589 quod
447 2532 464 2572 c
478 2515 573 2589 parvis
587 2524 617 2573 et
630 2515 741 2572 levibus
757 2525 801 2574 est
814 2515 976 2588 elementis
1116 2505 1166 2588 330

257 2623 315 2664 nec
329 2605 439 2662 facilest
452 2605 501 2662 tali
516 2615 634 2663 naturae
649 2606 790 2680 opsistere
805 2607 984 2681 quicquam;

258 2697 334 2753 inter
347 2696 425 2753 enim
441 2695 513 2770 fugit
526 2715 562 2752 ac
577 2707 709 2770 penetrat
724 2714 777 2771 per
790 2715 853 2754 rara
864 2698 985 2769 viarum,

258 2805 321 2843 non
337 2786 422 2861 igitur
435 2786 533 2844 multis
547 2786 705 2846 offensibus
719 2787 749 2844 in
763 2787 939 2846 remorando

258 2876 390 2947 haesitat,
406 2876 482 2933 hanc
497 2877 536 2934 ob
550 2895 613 2934 rem
627 2877 713 2935 celeri
728 2878 806 2935 volat
819 2878 929 2953 impete
943 2877 1052 2936 labens.

258 2966 378 3037 deinde,
392 2966 474 3042 quod
488 2969 609 3026 omnino
623 2978 726 3026 natura
739 2967 872 3043 pondera
886 2968 1025 3028 deorsum
1115 2987 1163 3040 335

257 3058 358 3116 omnia
372 3057 510 3129 nituntur,
525 3077 593 3115 cum
608 3058 720 3134 plagast
733 3058 834 3117 addita
846 3077 925 3130 vero,

257 3148 403 3207 mobilitas
418 3147 583 3223 duplicatur
596 3157 626 3205 et
639 3149 765 3223 impetus
780 3149 826 3207 ille
840 3149 990 3224 gravescit,

256 3250 289 3298 ut
302 3239 466 3297 vementius
480 3248 511 3296 et
524 3239 609 3296 citius
624 3256 829 3313 quaecumque
844 3249 992 3298 morantur

257 3330 344 3388 obvia
358 3328 495 3386 discutiat
508 3328 600 3403 plagis
614 3329 756 3402 itinerque
771 3340 916 3403 sequatur.

258 3420 386 3492 denique
401 3417 483 3492 quod
497 3418 587 3493 longo
601 3419 679 3475 venit
694 3419 812 3492 impete,
828 3437 941 3478 sumere
956 3417 1047 3478 debet
1115 3438 1165 3491 ³40

257 3510 449 3568 mobilitatem
463 3508 551 3567 etiam
565 3517 652 3582 atque
667 3509 764 3579 etiam,
780 3528 854 3582 quae
868 3511 971 3568 crescit
985 3508 1085 3569 eundo
