2792 4025
252 298 321 370 nr]
488 301 542 353 na
570 301 716 355 RERUM
744 301 918 355 NATURA
1112 304 1153 370 97

248 472 451 538 praemetuens
467 462 586 524 adhibet
600 465 730 524 stimulos
744 475 889 542 terretque
905 466 1023 541 flagellis

248 572 304 613 nec
317 554 396 612 videt
410 555 521 612 interea
534 556 584 630 qui
598 557 739 614 terminus
754 574 816 614 esse
832 558 974 615 malorum
1092 580 1155 616 1020

247 645 339 720 possit
354 663 409 702 nec
423 663 498 720 quae
514 646 549 703 sit
564 664 726 720 poenarum
740 647 869 722 denique
884 649 949 706 finis

247 745 335 809 atque
350 735 455 793 eadem
467 737 569 794 metuit
584 738 674 812 magis
689 737 811 795 haecne
823 739 852 795 in
865 749 958 797 morte
972 750 1153 815 gravescant.

247 825 296 883 hic
311 826 470 884 Acherusia
483 827 515 884 fit
529 827 681 886 stultorum
695 827 824 902 denique
838 829 905 887 vita.

289 917 359 974 Hoc
371 917 459 975 etiarn
473 918 525 976 tibi
538 927 599 975 tute
615 918 761 976 interdurn
776 918 874 976 dicere
889 920 984 994 possis

248 1008 257 1036 ‘
265 1006 375 1064 lumina
389 1008 426 1066 sis
441 1009 532 1066 oculis
547 1009 635 1066 etiam
649 1009 745 1068 bonus
759 1009 853 1067 Ancu’
868 1011 984 1084 reliquit
1090 1030 1151 1082 1025

247 1098 298 1172 qui
313 1098 414 1155 melior
428 1100 523 1156 multis
538 1117 627 1174 quam
642 1110 671 1157 tu
687 1101 749 1172 fuit,
764 1100 907 1175 improbe,
923 1102 1019 1160 rebus.

246 1187 316 1246 inde
330 1189 379 1246 alii
392 1189 474 1247 rnulti
488 1207 571 1264 reges
585 1208 740 1264 rerumque
754 1199 890 1265 potentes

246 1277 427 1350 occiderunt,
443 1281 555 1354 magnis
570 1280 620 1354 qui
634 1281 769 1355 gentibus
785 1281 994 1356 imperitarunt.

245 1370 293 1428 ille
308 1388 427 1446 quoque
442 1370 514 1445 ipse,
528 1371 604 1428 viam
619 1372 669 1446 qui
684 1371 835 1445 quondam
856 1391 910 1447 per
923 1391 1002 1431 mare
1016 1391 1156 1449 magnum

246 1461 344 1518 stravit
358 1461 469 1535 iterque
484 1459 567 1519 dedit
580 1461 743 1536 legionibus
758 1463 798 1519 ire
813 1480 865 1537 per
879 1463 969 1521 altum
1036 1477 1040 1485 “
1093 1484 1156 1534 1030

246 1569 282 1608 ac
296 1551 421 1626 pedibus
435 1551 523 1609 salsas
538 1551 639 1609 docuit
654 1570 789 1626 superare
804 1553 925 1612 lucunas

246 1651 276 1698 et
290 1641 446 1700 contemsit
459 1642 542 1718 equis
557 1642 696 1700 insultans
711 1662 858 1701 murmura
871 1644 963 1718 ponti,

245 1731 354 1789 lumine
369 1732 510 1814 adempto
524 1733 651 1790 animam
667 1733 844 1792 moribundo
859 1753 982 1810 corpore
997 1733 1080 1794 ludit.

245 1822 405 1898 Scipiadas,
420 1824 487 1881 belli
502 1823 621 1895 fulmen,
638 1824 821 1898 Carthaginis
836 1823 946 1896 horror,

246 1931 312 1971 ossa
326 1912 408 1971 dedit
422 1923 512 1971 terrae
528 1913 651 1988 proinde
666 1933 702 1971 ac
717 1915 806 1972 famul
820 1915 935 1973 infimus
949 1924 1034 1974 esset.
1092 1933 1153 1988 ¹035

245 2002 324 2061 adde
338 2014 500 2079 repertores
516 2002 714 2063 doctrinarum
728 2016 816 2081 atque
831 2005 973 2081 leporum,

245 2094 324 2153 adde
339 2095 568 2153 Heliconiadum
585 2097 728 2169 comites;
749 2115 874 2171 quorum
887 2116 963 2155 unus
977 2098 1127 2155 Homerus

245 2194 362 2260 sceptra
374 2186 484 2260 potitus
498 2186 602 2244 eadem
617 2188 678 2245 aliis
693 2187 800 2261 sopitu'
816 2187 951 2261 quietest.

246 2276 374 2351 denique
390 2277 592 2335 Democritum
597 2287 763 2353 postquam
777 2286 889 2334 matura
901 2286 1029 2335 vetustas

244 2366 398 2425 admonuit
412 2385 557 2425 memores
572 2377 667 2425 motus
682 2368 868 2442 languescere
883 2368 998 2438 mentis,
1090 2387 1152 2435 1040

245 2468 350 2532 sponte
365 2476 417 2515 sua
430 2457 489 2516 leto
504 2468 592 2533 caput
605 2458 707 2516 obvius
722 2458 826 2533 optulit
840 2458 912 2532 ipse.

244 2548 306 2623 ipse
322 2548 466 2623 Epicurus
480 2549 543 2607 obit
555 2547 679 2606 decurso
693 2548 803 2606 lumine
816 2549 901 2619 vitae,

244 2640 294 2714 qui
308 2657 401 2715 genus
415 2640 575 2697 humanum
590 2640 708 2714 ingenio
722 2641 865 2713 superavit
879 2650 908 2696 et
921 2638 1017 2696 omnis

243 2730 400 2802 restincxit,
416 2731 510 2787 stellas
525 2740 641 2789 exortus
655 2740 687 2787 ut
701 2730 845 2789 aetherius
860 2730 913 2787 sol.

243 2830 273 2878 tu
289 2839 358 2879 vero
373 2820 519 2879 dubitabis
534 2831 563 2879 et
578 2820 767 2895 indignabere
781 2822 885 2879 obire?
1085 2838 1147 2890 1045

243 2921 357 2969 mortua
370 2912 418 2969 cui
432 2913 491 2970 vita
505 2921 549 2969 est
562 2929 655 2986 prope
670 2911 729 2969 iarn
742 2911 809 2970 vivo
824 2922 912 2986 atque
926 2908 1046 2981 videnti,

244 3002 295 3077 qui
308 3020 412 3060 somno
427 3012 540 3077 partem
554 3002 693 3059 maiorem
709 3002 836 3059 conteris
850 3002 913 3059 aevi

243 3101 274 3150 et
286 3093 406 3167 vigilans
420 3092 513 3150 stertis
527 3110 583 3149 nec
597 3092 711 3149 somnia
725 3109 844 3148 ccmere
860 3109 956 3148 cessas
1058 3121 1061 3126 <

242 3181 453 3256 sollicitamque
466 3182 541 3255 geris
555 3200 637 3239 cassa
650 3182 807 3239 formidine
822 3192 951 3238 mentem

242 3289 299 3329 nec
312 3271 437 3347 reperire
452 3280 537 3346 potes
550 3271 602 3329 tibi
617 3270 689 3346 quid
703 3272 739 3329 sit
753 3288 841 3345 saepe
856 3272 932 3341 mali,
947 3288 1017 3327 curn
1085 3293 1148 3345 1050

242 3361 338 3419 ebrius
351 3362 460 3437 urgeris
474 3361 570 3420 multis
585 3362 672 3419 miser
684 3360 816 3437 undique
831 3361 908 3419 curis

241 3459 329 3525 atque
343 3452 431 3511 animi
445 3453 557 3511 incerto
572 3452 685 3510 fluitans
700 3470 795 3510 errore
808 3451 939 3527 vagaris.¹

280 3541 311 3601 Si
323 3554 444 3618 possent
457 3543 600 3616 homines,
614 3541 739 3618 proinde
752 3560 789 3600 ac
802 3542 908 3600 sentire
922 3541 1058 3600 videntur
1083 3603 1087 3609 ,

685 3645 702 3700 7
