2792 4025
274 287 315 365 38
604 300 836 356 coenamus
1120 301 1176 373 [11.

273 460 438 537 significant
452 459 649 520 clandestinos
664 478 828 537 caecosque
842 461 971 521 subesse.

273 552 363 609 multa
376 551 488 609 videbis
503 552 582 609 enim
596 551 686 628 plagis
701 552 741 610 ibi
755 553 866 627 percita
879 554 976 611 caecis

272 652 454 700 commutare
467 642 543 699 viam
557 652 693 718 retroque
707 643 823 717 repulsa
835 644 939 702 reverti
1130 666 1140 701 r
1144 665 1177 716 30

271 750 351 789 nunc
366 733 423 790 huc
436 750 516 789 nunc
530 732 597 790 illuc
611 733 641 790 in
655 745 775 790 cunctas
789 733 920 808 undique
933 734 1031 809 partis.

271 823 382 881 scilicet
397 822 444 880 hic
458 841 476 880 a
488 822 636 898 principiis
650 834 695 881 est
708 824 844 881 omnibus
858 842 946 882 error.

271 912 365 988 prima
378 924 533 972 moventur
546 914 625 972 enim
638 931 692 989 per
706 932 737 971 se
751 913 912 989 primordia
924 933 1019 973 rerum
1030 937 1039 989 3

271 1003 340 1061 inde
355 1022 391 1061 ea
405 1022 480 1079 quae
494 1022 585 1080 parvo
599 1013 667 1062 sunt
679 1021 805 1080 corpora
817 1006 974 1064 conciliatu

271 1104 301 1152 et
315 1095 398 1168 quasi
412 1096 544 1170 proxima
558 1104 625 1153 sunt
639 1094 678 1153 ad
691 1095 758 1153 viris
771 1095 991 1172 principiorum,
1128 1116 1173 1169 135

270 1183 375 1243 ictibus
389 1185 503 1243 illorum
516 1186 613 1244 caecis
626 1185 741 1262 inpulsa
754 1187 876 1259 cientur,

269 1274 390 1350 ipsaque
405 1293 547 1351 proporro
560 1276 649 1352 paulo
663 1275 776 1334 maiora
788 1276 945 1336 lacessunt.

269 1365 311 1422 sic
326 1383 344 1422 a
356 1365 505 1441 principiis
519 1365 652 1425 ascendit
664 1376 764 1424 motus
778 1375 808 1424 et
822 1367 881 1425 exit

268 1455 408 1530 paulatim
421 1466 535 1516 nostros
550 1456 589 1515 ad
602 1475 713 1529 sensus,
727 1467 761 1515 ut
774 1465 946 1515 moveantur

268 1546 317 1603 illa
330 1565 458 1622 quoque,
472 1547 504 1606 in
518 1548 585 1606 solis
600 1566 675 1622 quae
690 1547 801 1606 lumine
814 1566 933 1606 cernere
947 1548 1063 1623 quimus
1126 1571 1174 1620 ¹40

268 1653 325 1694 nec
339 1637 445 1711 quibus
456 1636 486 1695 id
500 1638 608 1695 saciant
620 1638 713 1713 plagis
726 1648 848 1714 apparet
861 1647 971 1714 aperte.

309 1727 338 1785 N
341 1745 399 1785 unc
413 1746 489 1803 quae
503 1729 648 1786 mobilitas
662 1728 700 1786 sit
711 1727 828 1787 reddita
841 1730 971 1787 materiai

268 1818 448 1892 corporibus,
463 1819 565 1893 paucis
578 1819 648 1877 licet
660 1818 730 1877 hinc
743 1837 933 1894 cognoscere,
949 1820 1083 1878 Memmi.

268 1907 395 1984 primum
409 1925 511 1966 aurora
524 1926 603 1967 novo
616 1926 685 1966 cum
699 1910 807 1985 spargit
821 1910 930 1967 lumine
944 1919 1033 1968 terras

268 2007 299 2056 et
311 1998 406 2057 variae
420 1998 552 2058 volucres
566 2018 687 2059 nemora
701 2000 765 2059 avia
777 2000 985 2076 pervolitantes
1127 2021 1171 2073 145

268 2090 335 2147 aera
348 2108 402 2165 per
414 2100 547 2148 tenerum
560 2090 676 2165 liquidis
689 2091 756 2149 loca
768 2092 891 2150 vocibus
906 2092 1038 2166 opplent,

268 2198 357 2255 quam
370 2181 466 2239 subito
481 2181 572 2239 soleat
585 2181 629 2240 sol
643 2192 722 2239 ortus
736 2190 869 2257 ternpore
883 2182 933 2239 tali

267 2271 430 2329 convestire
445 2290 497 2329 sua
511 2269 688 2347 perfundens
703 2272 804 2329 omnia
816 2271 892 2344 luce,

267 2362 403 2420 omnibus
418 2362 448 2419 in
462 2371 601 2437 promptu
616 2362 862 2437 manifestumque
876 2379 941 2420 esse
954 2360 1096 2421 videmus

267 2462 297 2510 at
309 2471 401 2528 vapor
414 2453 438 2510 is
452 2471 541 2527 quern
555 2453 599 2510 sol
613 2453 700 2511 mittit
713 2452 871 2528 lumenque
886 2470 1023 2511 serenum
1126 2472 1173 2523 150

266 2559 328 2601 non
341 2560 395 2619 per
409 2543 494 2600 inane
515 2552 594 2600 meat
607 2561 753 2617 vacuum3
774 2561 834 2618 quo
849 2543 959 2602 tardius
972 2544 1014 2601 ire

266 2633 389 2708 cogitur,
404 2633 494 2692 a'e'rias
508 2634 590 2707 quasi
604 2633 677 2691 dum
691 2632 854 2692 diverberet
867 2633 971 2692 undas.

266 2740 323 2781 nec
337 2722 499 2798 singillatim
514 2724 686 2799 corpuscula
700 2742 835 2800 quaeque
848 2724 963 2800 vaporis
977 2733 980 2737 ‘

267 2811 320 2871 sed
334 2814 490 2889 complexa
503 2824 602 2871 meant
617 2814 691 2872 inter
704 2832 736 2872 se
750 2832 867 2890 conque
881 2815 1017 2891 globata,

267 2914 445 2980 quapropter
458 2904 543 2963 simul
557 2905 631 2963 inter
644 2923 675 2963 se
689 2905 874 2963 retrahuntur
887 2916 917 2963 et
931 2915 1012 2963 extra
1126 2925 1135 2961 r
1140 2924 1153 2976 5
1156 2924 1170 2975 5

266 2994 440 3067 officiuntur,
454 2996 497 3053 uti
510 3005 653 3071 cogantur
665 2996 774 3053 tardius
789 2995 840 3054 ire.

266 3094 296 3143 at
310 3103 385 3160 quae
399 3095 467 3143 sunt
480 3085 574 3144 solida
587 3085 747 3161 primordia
759 3085 953 3161 simplicitate,

266 3192 335 3233 curn
349 3176 501 3251 perinane
515 3185 616 3234 meant
629 3194 755 3235 vacuum
769 3193 827 3233 nec
841 3194 887 3234 res
900 3185 1062 3233 remoratur

266 3265 324 3323 ulla
337 3266 405 3325 soris
419 3276 506 3341 atque
521 3267 593 3341 ipsa,
608 3266 667 3325 suis
681 3284 698 3324 e
712 3266 841 3341 partibus
854 3284 922 3338 una,

266 3373 359 3414 unum
371 3356 402 3414 in
416 3374 506 3431 quem
521 3374 646 3432 coepere
661 3357 760 3414 locum
773 3356 880 3415 conixa
893 3357 1031 3430 feruntur,
1126 3365 1172 3415 160

266 3446 377 3505 debent
390 3447 527 3505 nimimm
541 3448 716 3523 praecellere
731 3449 891 3508 mobilitate

266 3546 297 3595 et
309 3538 402 3596 multo
417 3538 501 3596 citius
514 3538 581 3597 ferri
594 3557 683 3613 quarn
696 3539 806 3597 lumina
819 3540 888 3599 solis
