2792 4025
233 271 285 341 u]
474 272 529 324 na
556 272 703 325 aarum
730 272 902 325 NATURA
1079 277 1136 339 143

230 448 417 506 nequaquam
431 431 516 489 nobis
530 430 666 489 divinitus
680 449 744 488 esse
759 441 890 505 paratam

230 530 362 579 naturam
376 540 490 579 rerum:
514 531 593 578 tanta
606 531 662 579 stat
676 520 808 596 praedita
821 522 917 597 culpa.

229 612 373 687 principio
388 621 530 686 quantum
544 612 617 669 caeli
631 613 703 686 tegit
717 613 843 686 impetus
858 613 970 686 ingens,
1091 636 1138 672 200

229 701 298 760 iude
312 700 406 759 avidei
420 713 533 777 partem
548 711 664 760 montes
678 702 824 776 silvaeque
840 703 964 761 serarum

228 792 397 868 possedere,
411 802 514 849 tenent
526 811 614 867 rupes
628 802 785 867 vastaeque
800 792 923 868 paludes

229 892 258 939 et
271 901 351 940 mare
365 882 447 958 quod
461 883 519 941 late
533 893 673 940 terrarum
688 882 807 942 distinet
821 902 895 942 oras

228 971 298 1030 inde
313 972 386 1030 duas
403 991 490 1047 porro
504 991 597 1048 prope
612 973 702 1047 partis
716 972 842 1031 fervidus
856 974 943 1031 ardor

227 1061 426 1138 adsiduusque
440 1064 497 1138 geli
510 1082 594 1121 casus
609 1063 777 1121 mortalibus
792 1064 892 1122 aufert.

227 1152 310 1227 quod
323 1163 455 1229 superest
468 1154 537 1225 arvi,
552 1163 651 1210 tamen
666 1152 696 1211 id
710 1164 813 1211 natura
826 1172 878 1211 sua
892 1154 921 1211 vi

229 1244 361 1301 sentibus
375 1243 513 1314 obducat,
528 1243 558 1300 ni
573 1244 616 1301 vis
631 1243 757 1302 humana
770 1245 883 1303 resistat

226 1334 295 1391 vitai
308 1352 397 1393 causa
409 1333 505 1392 valido
519 1345 662 1392 consueta
674 1334 787 1393 bidenti

227 1423 375 1498 ingemere
389 1435 419 1481 et
433 1433 539 1481 terram
552 1425 658 1499 pressis
671 1424 861 1501 proscindere
876 1425 982 1483 aratris.

226 1513 325 1572 sinon
339 1514 480 1572 secundas
494 1525 639 1574 vertentes
652 1533 772 1573 vomere
786 1516 885 1591 glebas

226 1606 368 1679 terraique
382 1605 477 1663 solum
491 1606 658 1681 subigentes
672 1606 766 1663 cimus
780 1605 820 1663 ad
834 1615 923 1678 ortus

225 1704 330 1769 sponte
345 1714 398 1753 sua
410 1705 558 1771 nequeant
571 1696 695 1771 liquidas
711 1696 832 1755 erdstere
848 1697 985 1769 inauras,

225 1794 255 1841 et
268 1794 368 1843 tamen
381 1786 526 1844 interdum
540 1805 648 1862 magno
662 1787 794 1861 quaesita
807 1786 906 1845 labore

225 1893 293 1932 cum
308 1876 365 1935 iam
379 1895 433 1953 per
445 1886 534 1935 terras
549 1877 685 1935 frondent
698 1886 792 1953 atque·
802 1878 902 1935 omnia
916 1877 1029 1948 florent,

225 1976 276 2024 aut
288 1966 385 2025 nimiis
399 1976 487 2025 torret
501 1968 660 2027 fervoribus
674 1967 820 2026 aetherius
834 1968 878 2026 sol

225 2067 276 2114 aut
289 2059 376 2116 subiti
389 2068 544 2135 peremunt
558 2059 657 2117 imbris
670 2058 843 2135 gelidaeque
858 2059 988 2134 pruinae,

226 2147 373 2223 flabraque
387 2158 541 2206 ventorum
556 2149 684 2207 violento
700 2149 813 2207 turbine
827 2158 942 2207 vexant.

225 2249 375 2314 praeterea
388 2257 481 2315 genus
495 2239 666 2297 horriferum
680 2248 783 2296 natura
796 2239 938 2296 serarum·

225 2327 370 2388 humanae
386 2330 468 2406 genti
482 2330 618 2387 infestum
632 2339 765 2404 terraque
780 2330 914 2404 marique

225 2437 278 2476 cur
290 2420 339 2477 alit
352 2430 440 2496 atque
454 2422 562 2495 auget?
581 2438 635 2478 cur
647 2419 716 2477 anni
730 2430 864 2495 tempora
877 2419 996 2478 morbos

225 2508 402 2584 adportant?
417 2528 506 2585 quare
521 2528 599 2568 mors
613 2509 758 2568 inmatura
771 2512 910 2585 vagatur?
930 2575 932 2580 Α

224 2608 287 2657 tum
300 2619 388 2675 porro
402 2619 482 2676 puer,
497 2610 530 2658 ut
543 2601 635 2658 saevis
649 2601 797 2675 proiectus
811 2601 848 2658 ab
862 2598 949 2659 undis

224 2691 329 2761 navita,
344 2691 441 2750 nudus
455 2691 536 2748 humi
552 2691 635 2762 iacet,
650 2691 755 2761 infans,
770 2689 885 2765 indigus
899 2690 982 2749 omni

158 2805 162 2812 ·
225 2782 302 2839 vitali
316 2783 431 2853 auxilio,
446 2774 515 2840 curn
529 2782 656 2857 primum
670 2783 700 2839 in
714 2783 830 2840 luminis
844 2801 909 2841 oras

225 2871 339 2930 nixibus
352 2890 388 2929 ex
403 2873 466 2931 alvo
481 2873 579 2930 matris
594 2882 697 2930 natura
711 2871 849 2946 profudit,

223 2961 378 3036 vagituque
392 2962 490 3020 locum
504 2962 617 3036 lugubri
631 2962 769 3036 complet,
785 2971 816 3019 ut
830 2970 962 3020 aecumst

224 3052 271 3108 cui
286 3061 398 3109 tantum
413 3052 442 3109 in
456 3052 514 3109 vita
526 3062 615 3110 restet
628 3053 748 3110 transire
764 3052 915 3109 malorum.

224 3149 254 3199 at
266 3142 362 3199 variae
376 3152 511 3200 crescunt
525 3141 656 3216 pecudes
670 3153 801 3199 armenta
815 3142 952 3215 seraeque

223 3249 280 3289 nec
294 3233 476 3306 crepitacillis
490 3250 566 3306 opus
580 3241 694 3290 estnec
709 3232 845 3305 cuiquam
861 3229 1056 3288 adhibendast

223 3320 317 3379 almae
331 3322 450 3379 nutricis
464 3321 573 3379 blanda
586 3331 673 3396 atque
688 3322 809 3378 infracta
823 3320 950 3395 loquella
1083 3339 1130 3390 230

223 3429 281 3469 nec
293 3411 384 3470 varias
397 3421 541 3485 quaerunt
555 3421 650 3470 vestes
664 3429 718 3486 pro
732 3420 865 3486 tempore
879 3409 962 3481 caeli,

224 3499 352 3576 denique
365 3519 426 3560 non
440 3501 527 3561 armis
541 3519 617 3576 opus
631 3511 684 3575 est,
699 3520 762 3560 non
774 3501 930 3570 moenibus
944 3500 1017 3572 altis,
1112 3515 1115 3518 ·
