2792 4025
215 257 252 329 i]
451 259 506 311 os
532 258 679 313 RERUM
706 260 878 315 unauna
1078 245 1112 312 ir

213 435 302 493 quam
316 416 413 493 genita
426 418 547 476 omnino
561 418 639 476 nulla
652 419 764 477 ratione
778 418 908 493 fuissent,

212 507 343 581 undique
357 509 491 566 materies
505 509 644 582 quoniam
659 510 765 584 stipata
778 511 915 584 quiesset.
1068 531 1114 583 345

211 608 361 672 praeterea
374 599 505 673 quamvis
519 598 629 656 solidae
643 616 689 657 res
704 617 768 657 esse
781 610 928 674 putentur,

212 687 281 745 hinc
294 697 393 745 tamen
404 706 467 746 esse
481 688 549 746 licet
562 707 626 747 raro
640 705 709 746 cum
725 708 848 764 corpore
863 710 973 752 cernas.

211 778 242 835 in
256 778 330 836 saxis
340 797 375 836 ac
389 779 534 853 speluncis
549 789 701 853 permanat
714 798 856 855 aquarum

211 868 337 941 liquidus
351 887 436 926 umor
449 879 479 928 et
492 869 629 928 uberibus
643 870 714 929 flent
728 873 828 930 omnia
837 874 935 948 guttis.

212 960 332 1036 dissipat
345 962 376 1020 in
389 978 495 1037 corpus
510 980 573 1020 sese
587 963 670 1021 cibus
684 982 773 1022 omne
787 966 977 1026 animantum.
1068 986 1116 1039 35ο

211 1059 346 1109 crescunt
359 1052 477 1110 arbusta
489 1061 519 1110 et
532 1052 606 1110 setus
620 1054 651 1111 in
665 1062 798 1130 tempore
813 1055 966 1144 tundunt)

212 1140 294 1215 quod
307 1142 389 1200 cibus
402 1142 433 1199 in
446 1152 523 1202 totas
536 1161 630 1217 usque
640 1145 679 1203 ab
692 1145 837 1203 radicibus
851 1146 916 1204 imis

211 1250 264 1307 per
277 1241 395 1291 truncos
409 1251 444 1290 ac
458 1251 511 1309 per
524 1252 621 1293 ramos
635 1234 806 1293 diffunditur
819 1236 923 1294 omnis.

211 1322 286 1380 inter
299 1332 399 1398 saepta
413 1332 512 1383 meant
525 1340 615 1385 voces
629 1334 658 1383 et
671 1325 769 1383 clausa
783 1325 939 1384 domorum

210 1413 418 1485 transvolitant,
432 1415 557 1489 rigidum
567 1425 719 1490 permanat
732 1416 820 1491 frigus
833 1416 872 1473 ad
885 1434 960 1487 ossa,
1068 1437 1114 1490 355

211 1503 293 1578 quod
307 1504 362 1562 nisi
375 1505 473 1562 inania
486 1506 551 1577 sint,
567 1523 624 1579 qua
637 1506 750 1580 possint
764 1523 888 1581 corpora
900 1524 1036 1582 quaeque

210 1594 352 1653 transire?
373 1594 452 1653 haud
467 1596 523 1652 ulla
537 1596 599 1653 fieri
613 1597 726 1654 ratione
739 1595 862 1655 videres.

211 1683 340 1759 denique
354 1686 488 1743 curatius
503 1686 564 1743 aliis
577 1696 723 1761 praestare
736 1686 870 1746 videmus
917 1717 921 1740 ·,

211 1775 343 1851 pondere
357 1794 403 1834 res
417 1776 502 1834 rebus
517 1776 577 1835 nilo
591 1777 701 1834 maiore
715 1778 828 1851 figura?

210 1884 280 1925 nam
295 1867 319 1924 si
332 1866 532 1924 tantundemst
546 1867 575 1924 in
589 1867 673 1924 lanae
687 1861 817 1942 glomere
831 1879 973 1942 quantum
1068 1877 1117 1939 360

211 1957 341 2033 corporis
355 1958 386 2016 in
400 1956 522 2033 plumbo
537 1966 589 2028 est,
605 1956 779 2015 tantundem
793 1958 923 2033 pendere
938 1976 991 2034 par
1004 1969 1056 2030 est,

211 2049 341 2122 corporis
356 2048 512 2107 officiumst
526 2050 664 2122 quoniam
679 2065 812 2123 premere
827 2051 926 2107 omnia
940 2049 1087 2122 deorsum,

211 2148 313 2196 contra
326 2147 425 2197 autem
438 2149 540 2196 natura
553 2147 653 2196 manet
666 2139 729 2196 sine
743 2138 876 2212 pondere
890 2139 992 2198 inanis.

211 2249 281 2306 ergo
296 2230 378 2305 quod
392 2240 559 2306 magnumst
573 2248 667 2304 aeque
682 2231 831 2304 leviusque
844 2231 967 2305 videtur,

209 2322 346 2379 nimirum
359 2322 425 2397 plus
439 2339 504 2380 esse
517 2321 572 2379 sibi
586 2320 714 2378 declarat
727 2321 839 2393 inanis3
1068 2328 1115 2392 365

210 2420 240 2469 at
253 2421 355 2470 contra
368 2412 481 2486 gravius
495 2412 560 2486 plus
574 2411 604 2468 in
618 2428 650 2468 se
664 2411 794 2485 corporis
808 2429 874 2469 esse

211 2501 329 2560 dedicat
343 2512 373 2561 et
386 2502 478 2560 multo
492 2502 577 2559 vacui
591 2501 686 2559 minus
700 2502 778 2559 intus
791 2502 908 2561 habere.

210 2603 254 2665 est
268 2593 353 2668 igitur
366 2592 502 2650 nimirum
516 2591 547 2650 id
561 2591 643 2667 quod
656 2592 768 2649 ratione
782 2594 879 2667 sagaci

210 2685 384 2759 quaerimus,
400 2682 561 2740 admixtum
575 2684 670 2753 rebus,
686 2683 768 2762 quod
782 2684 868 2742 inane
883 2701 1030 2742 vocamus

251 2773 328 2832 Illud
342 2775 371 2831 in
386 2773 430 2832 his
444 2774 531 2831 rebus
545 2791 582 2830 ne
596 2782 625 2830 te
641 2773 789 2831 deducere
803 2792 873 2832 vero
1068 2793 1117 2844 370

210 2865 311 2939 possit,
327 2863 543 2938 quodquidam
558 2864 680 2938 fingunt,
695 2881 880 2938 praecurrere
895 2882 994 2940 cogor.

211 2953 317 3011 cedere
332 2973 345 3011 s
367 2953 521 3028 uamigeris
535 2954 635 3012 latices
649 2954 808 3011 nitentibus
821 2955 903 3012 aiunt

211 3053 242 3100 et
254 2973 378 3117 liquidffs
392 3044 503 3118 aperire
517 3044 586 3116 vias,
602 3043 671 3117 quia
683 3054 752 3119 post
764 3043 831 3101 loca
843 3044 939 3118 pisces

211 3133 351 3206 linquant,
367 3151 426 3207 quo
440 3134 552 3208 possint
565 3133 707 3191 cedentes
721 3134 868 3191 confluere
882 3133 1000 3206 undae3

211 3223 254 3281 sic
268 3224 335 3280 alias
350 3241 467 3298 quoque
482 3241 527 3282 res
542 3224 616 3281 inter
630 3242 661 3282 se
675 3241 763 3299 posse
778 3223 888 3282 moveri
1068 3240 1114 3292 375

212 3322 242 3370 et
255 3323 366 3370 mutare
380 3315 487 3385 locum,
503 3315 633 3388 quamvis
648 3315 705 3372 sint
719 3315 819 3372 omnia
831 3315 927 3389 plena

212 3403 322 3460 scilicet
336 3402 367 3460 id
381 3404 450 3461 salsa
464 3414 558 3462 toturn
572 3405 684 3463 ratione
698 3413 885 3480 receptumst

211 3513 280 3552 nam
295 3512 355 3569 quo
369 3495 543 3572 squamigeri
555 3505 694 3571 poterunt
707 3495 868 3572 procedere
881 3493 1010 3566 tandem,
