2792 4025
242 235 280 306 1.]
485 236 540 288 DE
567 236 715 290 RERUM
742 236 913 291 NATURA
1126 236 1146 304 7

239 398 394 477 gignundis
409 416 426 457 e
441 417 500 473 qua
512 407 628 457 constat
642 397 714 472 quid
727 409 827 473 posset
841 398 930 457 oriri?

239 492 280 549 nil
293 491 378 565 igitur
390 490 452 547 fieri
466 489 504 547 de
519 489 578 547 nilo
592 506 679 563 posse
693 488 881 560 fatendumst,
1098 508 1144 562 205

239 582 350 639 semine
365 579 484 655 quando
498 597 572 653 opus
587 589 630 637 est
644 580 730 637 rebus
743 596 804 653 quo
817 596 953 655 quaeque
966 588 1082 639 creatae

240 671 313 729 aeris
327 671 358 727 in
371 680 484 728 teneras
498 669 611 745 possint
625 670 778 743 proferrier
791 687 884 732 auras.

238 770 388 837 postremo
403 760 543 835 quoniam
553 760 668 817 incultis
682 769 829 833 praestare
842 760 977 820 videmus

240 851 317 908 culta
330 850 396 907 loca
409 859 438 907 et
453 850 587 908 manibus
601 849 728 907 melioris
741 850 865 909 reddere
879 852 963 924 setus,

239 958 303 999 esse
317 940 453 997 videlicet
465 940 496 996 in
510 940 591 997 tenis
604 939 765 1014 primordia
777 959 874 999 rerum

239 1049 314 1105 quae
329 1048 383 1089 nos
397 1028 538 1087 fecundas
552 1038 698 1089 vertentes
711 1048 828 1089 vomere
843 1031 942 1106 glebas

238 1122 382 1195 terraique
397 1120 491 1178 solum
506 1120 674 1195 subigentes
687 1122 781 1179 cimus
794 1120 834 1178 ad
846 1131 936 1179 ortus.

239 1210 321 1285 quod
335 1211 360 1268 si
373 1210 452 1268 nulla
465 1210 570 1281 forent,
585 1220 685 1269 nostro
700 1212 763 1269 sine
777 1228 912 1285 quaeque
926 1202 1025 1269 labore

239 1310 343 1376 sponte
358 1318 411 1357 sua
424 1299 515 1358 multo
530 1300 592 1358 fieri
605 1301 726 1358 meliora
738 1300 861 1359 videres.
1129 1322 1165 1347 π

279 1392 351 1448 Huc
364 1390 481 1449 accedit
494 1392 536 1449 uti
551 1391 678 1467 quicque
693 1392 724 1449 in
737 1409 790 1449 sua
803 1409 927 1466 corpora
940 1411 1053 1453 rursum
1097 1413 1144 1468 215

238 1480 378 1540 dissoluat
392 1490 495 1540 natura
508 1500 604 1556 neque
619 1481 658 1539 ad
671 1482 763 1539 nilum
777 1482 931 1540 interemat
943 1501 998 1543 res.

238 1590 308 1629 nam
321 1572 419 1646 siquid
433 1572 553 1631 mortale
568 1590 585 1630 e
600 1572 712 1630 cunctis
726 1573 855 1647 partibus
869 1582 955 1647 esset,

239 1680 276 1719 ex
290 1664 381 1721 oculis
395 1680 441 1720 res
455 1680 590 1738 quaeque
604 1672 725 1737 repente
739 1673 839 1737 erepta
852 1665 968 1738 periret.

238 1753 317 1811 nulla
330 1753 358 1810 vi
372 1753 447 1811 soret
460 1771 529 1811 usus
543 1754 621 1811 enim
637 1770 714 1827 quae
728 1754 857 1827 partibus
871 1754 933 1813 eius

239 1841 396 1901 discidium
410 1862 511 1920 parere
526 1854 557 1902 et
570 1862 662 1903 nexus
676 1840 824 1902 exsolirere
838 1852 948 1919 posset.
1096 1866 1145 1902 220

238 1934 321 2009 quod
335 1953 422 2008 nunc,
438 1944 557 1993 aeterno
572 1935 640 2009 quia
654 1943 789 1992 constant
803 1934 914 1993 semine
929 1952 1074 2010 quaeque,

239 2023 337 2082 donec
350 2025 393 2082 vis
408 2025 480 2107 obiit
493 2043 569 2098 quae
583 2043 629 2084 res
643 2025 806 2083 diverberet
819 2025 880 2083 ictu

240 2124 289 2172 aut
303 2116 379 2173 intus
393 2124 527 2190 penetret
540 2133 593 2189 per
606 2115 704 2172 inania
717 2114 925 2189 dissoluatque‚

239 2205 344 2262 nullius
359 2205 479 2264 exitium
493 2205 600 2279 patitur
613 2215 716 2262 natura
729 2204 830 2262 videri.

238 2304 389 2370 praeterea
403 2312 606 2369 quaecumque
620 2302 763 2352 vetustate
763 2273 895 2393 ldmdvet
908 2304 998 2366 aetas,
1099 2312 1146 2368 ²²5

239 2386 263 2442 si
277 2386 392 2460 penitus
406 2386 531 2460 peremit
544 2403 721 2444 consumens
735 2385 886 2443 materiem
899 2402 1029 2457 omnem,

239 2474 319 2534 unde
334 2475 458 2533 animale
472 2493 564 2550 genus
578 2476 738 2550 generatim
753 2475 783 2532 in
797 2475 907 2532 lumina
919 2475 996 2533 vitae

239 2565 376 2625 redducit
388 2567 498 2638 Venus,
513 2574 563 2623 aut
576 2564 754 2623 redductum
767 2564 891 2623 daedala
904 2565 987 2624 tellus

239 2655 320 2714 unde
334 2655 384 2714 alit
397 2665 485 2730 atque
500 2666 586 2730 auget
600 2656 761 2730 generatim
775 2656 881 2730 pabula
894 2656 1060 2731 praebens?

239 2746 319 2804 unde
333 2764 413 2820 mare
427 2746 563 2820 ingenuei
576 2746 672 2804 fontes
686 2755 863 2820 externaque
876 2747 964 2820 longe
1100 2766 1149 2816 230

241 2837 361 2894 flumina
375 2835 585 2918 suppeditant?
604 2835 685 2894 unde
699 2836 801 2894 aether
814 2835 910 2893 sidera
922 2837 1038 2910 pascit?

241 2927 340 2984 omnia
354 2927 433 2984 enim
447 2925 544 2996 debet,
560 2926 674 2984 mortali
687 2943 810 3000 corpore
825 2943 900 2999 quae
916 2936 992 2998 sunt,

241 3017 354 3074 infinita
367 3026 447 3076 aetas
460 3019 648 3104 consumpsq
653 3026 789 3074 anteacta
801 3014 934 3090 diesque.

242 3105 325 3181 quod
339 3106 362 3162 si
376 3107 406 3164 in
420 3125 457 3164 eo
471 3107 565 3181 spatio
579 3117 667 3181 atque
681 3116 817 3164 anteacta
829 3116 924 3164 aetate
938 3108 1018 3164 fuere

243 3214 259 3253 e
274 3195 379 3269 quibus
393 3196 466 3254 haec
479 3215 576 3254 rerum
590 3197 721 3254 consistit
735 3214 849 3253 summa
862 3197 981 3268 refecta,
1100 3214 1146 3266 ²35

243 3286 388 3343 inmortali
401 3296 469 3343 sunt
482 3297 584 3344 natura
597 3285 731 3362 praedita
744 3297 832 3358 certe,

244 3377 315 3435 haut
328 3376 414 3451 igitur
426 3387 547 3450 possunt
561 3377 599 3435 ad
614 3377 706 3434 nilum
721 3393 856 3450 quaeque
870 3376 982 3434 reverti.

245 3468 374 3543 denique
387 3486 433 3526 res
447 3469 541 3526 omnis
556 3467 661 3526 eadem
676 3467 718 3525 vis
732 3484 879 3541 causaque
893 3466 979 3541 volgo
1066 3531 1072 3559 a
