2792 4025
253 264 320 337 vn]
489 268 544 319 nn
570 267 718 321 RERUM
745 236 917 320 NATURA
1094 268 1155 335 215

252 427 322 487 inde
336 429 446 488 bonam
459 438 572 504 partem
586 429 616 486 in
630 430 741 487 lectum
755 446 887 487 maerore
902 427 1056 487 dabantur.

251 536 308 577 nec
322 528 436 593 poterat
446 520 599 595 quisquam
610 519 737 595 reperiri,
748 537 837 595 quem
849 536 946 594 neque
958 521 1078 580 morbus
1094 541 1123 577 12
1125 539 1158 593 50

250 626 308 667 nec
322 628 400 667 mors
413 628 470 667 nec
484 610 578 667 luctus
593 619 748 685 temptaret
762 618 896 684 tempore
911 610 970 667 tali.

291 700 444 757 Praeterea
457 700 515 757 iam
530 709 629 774 pastor
642 709 672 758 et
686 700 876 757 armentarius
891 700 986 759 omnis

251 796 282 846 et
294 789 429 848 robustus
444 789 514 847 item
529 790 608 847 curvi
623 789 791 848 moderator
804 790 890 848 aratri

250 877 414 953 languebat,
430 880 605 961 penitusque
619 898 688 936 casa
702 888 839 937 contrusa
852 879 987 939 iacebant

249 986 375 1043 corpora
388 980 558 1044 paupertate
573 979 603 1027 et
616 969 720 1028 morbo
735 968 837 1026 dedita
850 970 945 1027 morti.
1095 990 1155 1044 1²55

249 1059 388 1117 exanimis
403 1060 499 1134 pueris
515 1078 602 1135 super
616 1059 781 1117 exanimata
794 1069 949 1133 parentum

249 1166 374 1223 corpora
386 1167 609 1223 nonnumquam
624 1166 726 1224 posses
740 1158 876 1223 retroque
889 1148 989 1207 videre

247 1239 387 1297 matribus
402 1249 432 1297 et
445 1240 575 1314 patribus
589 1248 673 1297 natos
688 1257 777 1314 super
791 1237 880 1297 edere
894 1240 994 1297 vitam.

247 1346 305 1385 nec
318 1329 469 1403 minimam
483 1339 598 1406 partem
615 1348 652 1387 ex
666 1330 742 1404 agris
756 1330 780 1387 is
795 1347 910 1386 maeror
924 1329 953 1386 in
968 1330 1070 1388 urbem

247 1419 397 1492 confluxit,
412 1419 553 1494 languens
568 1438 657 1494 quem
671 1420 796 1477 contulit
810 1419 1001 1494 agricolarum
1091 1427 1156 1478 1260

247 1510 334 1583 copia
347 1510 526 1567 conveniens
540 1528 577 1567 ex
592 1510 673 1569 omni
687 1508 822 1568 morbida
835 1519 926 1585 parte.

247 1599 347 1657 omnia
361 1600 540 1675 conplebant
554 1601 621 1659 loca
635 1609 792 1675 tectaque3
809 1618 869 1675 quo
884 1599 976 1675 magis
991 1609 1088 1659 aestus

244 1780 392 1839 confertos
406 1780 446 1839 ita
460 1781 616 1839 acervatim
630 1798 709 1838 mors
723 1779 934 1840 accumulabat.

244 1872 336 1929 multa
349 1872 394 1930 siti
407 1881 554 1946 protracta
566 1872 643 1929 viam
657 1889 711 1946 per
724 1888 837 1945 proque
851 1870 951 1928 voluta

245 1979 368 2038 corpora
382 1963 487 2021 silanos
501 1962 540 2020 ad
553 1979 694 2037 aquarum
708 1970 796 2020 strata
810 1960 946 2019 iacebant
1088 1968 1149 2035 1265

244 2051 400 2110 interclusa
413 2054 511 2110 anima
523 2053 614 2109 nimia
627 2052 664 2110 ab
679 2051 836 2110 dulcedine
850 2069 1001 2126 aquarum,

244 2143 394 2217 multaque
408 2160 461 2217 per
475 2142 576 2217 populi
590 2142 698 2217 passim
712 2142 778 2198 loca
791 2151 929 2216 prompta
941 2141 1063 2216 viasque

244 2232 381 2307 languida
395 2233 558 2290 semanimo
572 2250 642 2289 cum
657 2249 780 2306 corpore
796 2232 929 2288 membra
942 2230 1057 2290 videres

244 2321 361 2381 horrida
374 2321 503 2397 paedore
518 2331 547 2380 et
560 2322 664 2396 pannis
679 2330 820 2395 cooperta
833 2321 928 2395 perire

244 2413 375 2487 corporis
389 2412 504 2484 inluvie,
520 2412 588 2487 pelli
603 2430 690 2487 super
704 2412 818 2469 ossibus
832 2428 900 2482 una,
1086 2432 1150 2480 1270
1241 2465 1247 2468 .

242 2502 387 2561 ulceribus
402 2503 499 2560 taetris
513 2521 607 2578 prope
621 2503 678 2560 iam
694 2501 832 2576 sordique
846 2501 970 2576 sepulta.

243 2594 343 2651 omnia
357 2593 485 2668 denique
500 2603 602 2651 sancta
616 2592 706 2651 deum
722 2592 843 2650 delubra
856 2591 981 2667 replerat

243 2683 412 2758 corporibus
427 2702 504 2742 mors
519 2684 658 2741 exanimis
673 2683 976 2763 onerataquepassim

241 2783 349 2831 cuncta
363 2773 550 2832 cadaveribus
564 2773 724 2832 caelestum
738 2773 849 2849 templa
862 2773 1028 2845 manebant,

242 2862 404 2939 hospitibus
418 2865 484 2922 loca
498 2883 573 2940 quae
589 2864 770 2939 complerant
785 2863 977 2922 aedituentes.
1085 2881 1146 2936 ¹2⁷5
1226 2888 1240 2930 ῃ

241 2971 298 3010 nec
313 2954 369 3011 iam
383 2954 483 3028 religio
498 2954 597 3012 divom
611 2972 668 3012 nec
682 2955 803 3012 numina
817 2954 916 3028 magni

241 3044 445 3119 pendebantur
459 3045 555 3103 enim:
577 3061 716 3119 praesens
730 3044 814 3102 dolor
827 3043 1027 3119 exsuperabat.

241 3153 298 3192 nec
312 3153 376 3193 mos
390 3135 437 3192 ille
451 3136 615 3210 sepulturae
629 3135 800 3193 remanebat
813 3135 843 3192 in
858 3135 939 3205 urbe,

241 3241 302 3299 quo
315 3225 380 3300 pius
393 3225 442 3283 hic
456 3226 580 3301 populus
595 3243 712 3300 semper
726 3234 880 3282 consuerat
893 3223 1007 3281 humari
1015 3244 1025 3296 3

241 3315 424 3390 perturbatus
439 3316 517 3372 enim
532 3324 610 3373 totus
623 3314 797 3389 trepidabat,
813 3325 843 3372 et
856 3332 931 3371 unus
1083 3319 1146 3369 1280

242 3405 366 3480 quisque
381 3424 466 3464 suum
480 3423 533 3480 pro
547 3423 579 3462 re
593 3405 739 3480 praesenti
752 3414 879 3463 maestus
893 3404 1041 3462 humabat.
