2792 4025
283 266 342 331 142
616 264 848 319 coenemus

276 443 333 485 nec
346 424 442 484 verbis
455 442 560 483 vexare
574 434 605 483 et
617 423 655 483 ab
669 425 730 483 imo
745 434 874 483 evertere
888 442 1010 495 summa,

277 526 375 574 cetera
388 514 426 573 de
440 532 549 589 genere
563 515 621 573 hoc
635 515 784 591 adfingere
799 524 829 573 et
842 514 962 587 addere,
978 516 1113 588 Memmi,

276 605 447 683 desiperest.
462 604 534 679 quid
549 606 628 663 enim
643 605 845 665 inmortalibus
858 615 946 680 atque
961 605 1053 665 beatis
1137 613 1181 679 ¹⁶5

275 697 367 772 gratia
379 706 478 755 nostra
491 705 580 770 queat
593 696 719 771 largirier
733 696 933 767 emolumenti,

275 797 308 845 ut
321 797 420 845 nostra
433 786 591 861 quicquam
606 804 696 844 causa
709 804 809 861 gerere
823 785 1050 861 adgrediamur?

275 878 383 952 quidve
398 878 467 935 novi
481 877 575 952 potuit
589 886 671 934 tanto
685 886 754 952 post
768 886 835 935 ante
849 877 964 952 quietos

275 967 393 1025 inlicere
408 978 440 1025 ut
454 976 595 1043 cuperent
609 966 698 1024 vitam
713 977 826 1025 mutare
840 967 989 1043 priorem?

274 1076 343 1116 nam
357 1057 485 1133 gaudere
500 1058 582 1116 novis
595 1058 682 1116 rebus
696 1056 805 1116 debere
819 1056 933 1115 videtur
1135 1078 1182 1125 170

274 1149 323 1206 cui
336 1159 448 1207 veteres
462 1149 589 1220 obsunt;
610 1147 665 1206 sed
678 1148 727 1205 cui
741 1149 782 1205 nil
796 1148 903 1206 accidit
917 1148 995 1223 aegri

274 1247 407 1315 ternpore
422 1241 452 1296 in
467 1248 611 1310 anteact0,
626 1257 696 1296 curn
710 1238 830 1313 pulchre
846 1238 966 1314 degeret
977 1257 1090 1310 aevom,

274 1330 346 1405 quid
360 1331 455 1404 potuit
469 1330 603 1388 novitatis
618 1346 750 1387 amorem
763 1328 928 1387 accendere
942 1329 1012 1386 tali?

272 1438 320 1490 an,
335 1419 435 1502 credo,
450 1420 480 1478 in
494 1420 621 1478 tenebris
635 1420 694 1477 vita
708 1438 743 1477 ac
758 1437 888 1477 maerore
903 1419 1027 1491 iacebat,

273 1508 370 1567 donec
381 1510 484 1568 diluxit
497 1528 593 1568 rerum
607 1510 739 1585 genitalis
754 1510 846 1584 origo
1133 1527 1178 1580 ¹⁷5

273 1599 380 1676 quidve
394 1601 462 1658 mali
476 1601 569 1658 suerat
582 1601 668 1660 nobis
681 1619 743 1659 non
758 1618 822 1658 esse
837 1600 962 1657 creatis?

271 1701 357 1748 natus
371 1691 451 1748 enim
465 1689 555 1749 debet
569 1692 749 1765 quicumque
765 1701 809 1748 est
822 1690 895 1748 velle
910 1706 1029 1747 manere

271 1781 303 1839 in
316 1781 382 1850 vita,
398 1779 495 1839 donec
507 1781 643 1839 retinebit
657 1780 766 1839 blanda
778 1780 920 1855 voluptas.

271 1871 321 1945 qui
336 1888 495 1945 numquam
510 1889 580 1929 vero
593 1872 669 1929 vitae
684 1871 809 1946 gustavit
822 1887 953 1928 amorem

270 1978 328 2019 nec
342 1961 395 2020 fuit
408 1961 439 2019 in
453 1980 585 2033 numero,
599 1960 671 2037 qnid
686 1961 772 2020 obest
784 1978 845 2020 non
859 1978 922 2020 esse
937 1960 1089 2018 creatum?
1131 1966 1179 2017 180

271 2053 437 2127 exemplum
452 2070 539 2127 porro
553 2053 709 2127 gignundis
723 2053 809 2110 rebus
824 2062 853 2110 et
866 2052 929 2126 ipsa

270 2143 388 2200 notities
403 2141 476 2200 divis
490 2143 643 2200 hominum
657 2142 738 2200 unde
753 2151 797 2204 est
811 2142 897 2200 insita
909 2142 1037 2218 primum

271 2232 344 2308 quid
356 2233 464 2291 vellent
478 2234 573 2291 facere
587 2244 620 2292 ut
633 2234 740 2291 scirent
754 2234 912 2307 animoque
929 2232 1070 2305 viderent,

271 2341 368 2398 quove
382 2323 501 2381 modost
514 2342 655 2399 umquam
669 2324 712 2381 vis
727 2324 845 2399 cognita
858 2324 1067 2399 principiomm

270 2412 401 2488 quidque
416 2414 491 2470 inter
505 2432 568 2472 sese
583 2424 748 2488 permutato
764 2413 867 2472 ordine
881 2423 1010 2490 possent,
1132 2419 1176 2482 ¹85

271 2505 295 2562 si
308 2522 370 2561 non
383 2504 447 2579 ipsa
461 2502 544 2562 dedit
558 2505 709 2579 specimen
722 2514 825 2562 natura
839 2504 978 2562 creandi?

269 2612 398 2668 namque
412 2595 453 2651 ita
465 2595 556 2652 multa
569 2593 665 2652 modis
679 2595 776 2653 multis
789 2594 948 2670 primordia
960 2612 1057 2652 rerum

271 2702 308 2742 ex
321 2685 435 2742 infinito
449 2685 508 2742 iarn
521 2696 653 2760 tempore
668 2686 780 2761 percita
792 2685 884 2761 plagis

269 2773 508 2851 ponderibusque
523 2775 582 2832 suis
596 2785 775 2833 consuerunt
788 2776 904 2834 concita
916 2775 982 2834 feni

270 2864 507 2940 omnimodisque
523 2865 602 2922 coire
616 2875 704 2940 atque
720 2865 819 2924 omnia
832 2875 1038 2941 pertemptare,
1130 2884 1178 2938 ¹90

270 2973 476 3030 quaecumque
491 2956 566 3014 inter
579 2974 611 3013 se
625 2965 747 3030 possent
761 2974 917 3032 congressa
930 2973 1039 3029 creare,

269 3057 303 3104 ut
317 3064 378 3104 non
392 3047 428 3104 sit
442 3046 547 3104 mirum
561 3046 586 3103 si
600 3047 630 3104 in
644 3047 707 3104 talis
723 3046 913 3121 disposituras

270 3135 445 3194 deciderunt
457 3154 576 3211 quoque
591 3146 621 3194 et
634 3137 665 3194 in
679 3137 742 3194 talis
756 3154 862 3194 venere
877 3146 999 3208 meatus,

271 3227 404 3302 qualibus
418 3227 492 3284 haec
506 3245 601 3285 rerum
616 3228 723 3301 geritur
737 3245 816 3284 nunc
830 3245 944 3285 summa
957 3226 1105 3286 novando

311 3315 404 3390 Quod
417 3317 440 3375 si
454 3318 511 3375 iam
526 3336 622 3375 rerum
637 3318 769 3392 ignorem
783 3317 942 3392 primordia
956 3335 1032 3392 quae
1046 3319 1112 3391 sint,
1130 3332 1174 3390 195

270 3407 327 3466 hoc
342 3417 441 3466 tamen
454 3427 492 3466 ex
505 3409 573 3483 ipsis
588 3409 660 3466 caeli
674 3399 834 3467 rationibus
848 3409 942 3466 ausim

269 3498 443 3558 confirmare
457 3499 578 3575 aliisque
592 3517 629 3558 ex
642 3499 729 3559 rebus
742 3498 866 3556 reddere
882 3499 987 3572 multis,
