<?xml version="1.0" encoding="UTF-8"?>
<!DOCTYPE html PUBLIC "-//W3C//DTD XHTML 1.0 Transitional//EN"
    "http://www.w3.org/TR/xhtml1/DTD/xhtml1-transitional.dtd">
<html xmlns="http://www.w3.org/1999/xhtml" xml:lang="en" lang="en">
 <head>
  <title>
</title>
<meta http-equiv="Content-Type" content="text/html;charset=utf-8" />
  <meta name='ocr-system' content='tesseract 3.04.00' />
  <meta name='ocr-capabilities' content='ocr_page ocr_carea ocr_par ocr_line ocrx_word'/>
</head>
<body>
  <div class='ocr_page' id='page_1' title='image "./tlucreticarider01kelsgoog_0126.png"; bbox 0 0 2792 4025; ppageno 0'>
   <div class='ocr_carea' id='block_1_1' title="bbox 291 261 1240 354">
    <p class='ocr_par' dir='ltr' id='par_1_1' title="bbox 291 261 1240 354">
     <span class='ocr_line' id='line_1_1' title="bbox 291 261 1240 354; baseline 0.009 -25"><span class='ocrx_word' id='word_1_1' title='bbox 291 266 333 329; x_wconf 87' lang='lat'><strong>62</strong></span> <span class='ocrx_word' id='word_1_2' title='bbox 627 281 859 337; x_wconf 73' lang='lat' dir='ltr'><strong>nuenarrus</strong></span> <span class='ocrx_word' id='word_1_3' title='bbox 1138 283 1194 354; x_wconf 90' lang='lat'>[11.</span> <span class='ocrx_word' id='word_1_4' title='bbox 1229 261 1240 284; x_wconf 76' lang='lat'><em>⁶</em></span> 
     </span>
    </p>
   </div>
   <div class='ocr_carea' id='block_1_2' title="bbox 280 441 1193 3591">
    <p class='ocr_par' dir='ltr' id='par_1_2' title="bbox 280 441 1193 3591">
     <span class='ocr_line' id='line_1_2' title="bbox 333 441 1001 516; baseline 0.003 -16"><span class='ocrx_word' id='word_1_5' title='bbox 333 442 485 500; x_wconf 86' lang='lat' dir='ltr'><strong>Praeterea</strong></span> <span class='ocrx_word' id='word_1_6' title='bbox 499 442 636 516; x_wconf 92' lang='lat' dir='ltr'><strong>quoniam</strong></span> <span class='ocrx_word' id='word_1_7' title='bbox 652 441 737 501; x_wconf 91' lang='lat' dir='ltr'><strong>dolor</strong></span> <span class='ocrx_word' id='word_1_8' title='bbox 751 452 795 500; x_wconf 90' lang='lat' dir='ltr'><strong>est</strong></span> <span class='ocrx_word' id='word_1_9' title='bbox 808 443 858 500; x_wconf 91' lang='lat' dir='ltr'><strong>ubi</strong></span> <span class='ocrx_word' id='word_1_10' title='bbox 872 442 1001 502; x_wconf 82' lang='lat' dir='ltr'><strong>materiai</strong></span> 
     </span>
     <span class='ocr_line' id='line_1_3' title="bbox 291 531 1025 608; baseline 0.004 -19"><span class='ocrx_word' id='word_1_11' title='bbox 291 550 415 607; x_wconf 91' lang='lat' dir='ltr'><strong>corpora</strong></span> <span class='ocrx_word' id='word_1_12' title='bbox 428 532 456 589; x_wconf 92' lang='lat' dir='ltr'><strong>vi</strong></span> <span class='ocrx_word' id='word_1_13' title='bbox 471 531 598 607; x_wconf 90' lang='lat' dir='ltr'><strong>quadam</strong></span> <span class='ocrx_word' id='word_1_14' title='bbox 613 550 665 607; x_wconf 91' lang='lat' dir='ltr'><strong>per</strong></span> <span class='ocrx_word' id='word_1_15' title='bbox 679 533 790 590; x_wconf 90' lang='lat' dir='ltr'><strong>viscera</strong></span> <span class='ocrx_word' id='word_1_16' title='bbox 802 534 869 590; x_wconf 89' lang='lat' dir='ltr'><strong>viva</strong></span> <span class='ocrx_word' id='word_1_17' title='bbox 881 552 934 608; x_wconf 93' lang='lat' dir='ltr'><strong>per</strong></span> <span class='ocrx_word' id='word_1_18' title='bbox 947 545 1025 592; x_wconf 87' lang='lat' dir='ltr'><strong>artus</strong></span> 
     </span>
     <span class='ocr_line' id='line_1_4' title="bbox 291 622 1192 698; baseline 0.001 -18"><span class='ocrx_word' id='word_1_19' title='bbox 291 623 444 680; x_wconf 84' lang='lat' dir='ltr'><strong>sollicitata</strong></span> <span class='ocrx_word' id='word_1_20' title='bbox 457 623 516 681; x_wconf 89' lang='lat' dir='ltr'><strong>suis</strong></span> <span class='ocrx_word' id='word_1_21' title='bbox 530 622 677 698; x_wconf 88' lang='lat' dir='ltr'><strong>trepidant</strong></span> <span class='ocrx_word' id='word_1_22' title='bbox 691 623 721 680; x_wconf 91' lang='lat' dir='ltr'><strong>in</strong></span> <span class='ocrx_word' id='word_1_23' title='bbox 735 622 854 681; x_wconf 91' lang='lat' dir='ltr'><strong>sedibus</strong></span> <span class='ocrx_word' id='word_1_24' title='bbox 867 624 954 695; x_wconf 89' lang='lat' dir='ltr'><strong>intus,</strong></span> <span class='ocrx_word' id='word_1_25' title='bbox 1144 633 1192 698; x_wconf 86' lang='grc'><strong>965</strong></span> 
     </span>
     <span class='ocr_line' id='line_1_5' title="bbox 287 712 1126 790; baseline 0.006 -21"><span class='ocrx_word' id='word_1_26' title='bbox 287 714 378 788; x_wconf 87' lang='lat' dir='ltr'><strong>inque</strong></span> <span class='ocrx_word' id='word_1_27' title='bbox 392 713 491 771; x_wconf 91' lang='lat' dir='ltr'><strong>locum</strong></span> <span class='ocrx_word' id='word_1_28' title='bbox 507 712 626 788; x_wconf 90' lang='lat' dir='ltr'><strong>quando</strong></span> <span class='ocrx_word' id='word_1_29' title='bbox 640 714 805 788; x_wconf 85' lang='lat' dir='ltr'><strong>remigrant,</strong></span> <span class='ocrx_word' id='word_1_30' title='bbox 820 714 853 771; x_wconf 90' lang='lat' dir='ltr'><strong>fit</strong></span> <span class='ocrx_word' id='word_1_31' title='bbox 866 714 973 772; x_wconf 86' lang='lat' dir='ltr'><strong>blanda</strong></span> <span class='ocrx_word' id='word_1_32' title='bbox 985 713 1126 790; x_wconf 85' lang='lat' dir='ltr'><strong>voluptas,</strong></span> 
     </span>
     <span class='ocr_line' id='line_1_6' title="bbox 290 803 924 880; baseline 0.003 -20"><span class='ocrx_word' id='word_1_33' title='bbox 290 804 368 880; x_wconf 87' lang='lat' dir='ltr'><strong>scire</strong></span> <span class='ocrx_word' id='word_1_34' title='bbox 377 803 444 861; x_wconf 92' lang='lat' dir='ltr'><strong>licet</strong></span> <span class='ocrx_word' id='word_1_35' title='bbox 458 804 537 862; x_wconf 91' lang='lat' dir='ltr'><strong>nullo</strong></span> <span class='ocrx_word' id='word_1_36' title='bbox 552 803 711 878; x_wconf 88' lang='lat' dir='ltr'><strong>primordia</strong></span> <span class='ocrx_word' id='word_1_37' title='bbox 724 821 810 878; x_wconf 88' lang='lat' dir='ltr'><strong>posse</strong></span> <span class='ocrx_word' id='word_1_38' title='bbox 822 803 924 862; x_wconf 91' lang='lat' dir='ltr'><strong>dolore</strong></span> 
     </span>
     <span class='ocr_line' id='line_1_7' title="bbox 289 894 1039 969; baseline 0.003 -19"><span class='ocrx_word' id='word_1_39' title='bbox 289 894 425 969; x_wconf 90' lang='lat' dir='ltr'><strong>temptari</strong></span> <span class='ocrx_word' id='word_1_40' title='bbox 439 894 606 968; x_wconf 84' lang='lat' dir='ltr'><strong>nullamque</strong></span> <span class='ocrx_word' id='word_1_41' title='bbox 622 894 801 968; x_wconf 87' lang='lat' dir='ltr'><strong>voluptatem</strong></span> <span class='ocrx_word' id='word_1_42' title='bbox 816 911 921 968; x_wconf 85' lang='lat' dir='ltr'>capere</span> <span class='ocrx_word' id='word_1_43' title='bbox 936 912 973 952; x_wconf 85' lang='lat' dir='ltr'><strong>ex</strong></span> <span class='ocrx_word' id='word_1_44' title='bbox 987 913 1018 952; x_wconf 90' lang='lat' dir='ltr'><strong>se</strong></span> <span class='ocrx_word' id='word_1_45' title='bbox 1030 916 1039 967; x_wconf 90' lang='lat'>;</span> 
     </span>
     <span class='ocr_line' id='line_1_8' title="bbox 289 983 1038 1059; baseline 0.003 -19"><span class='ocrx_word' id='word_1_46' title='bbox 289 983 529 1059; x_wconf 90' lang='lat' dir='ltr'><strong>quandoquidem</strong></span> <span class='ocrx_word' id='word_1_47' title='bbox 544 1002 605 1042; x_wconf 92' lang='lat' dir='ltr'><strong>non</strong></span> <span class='ocrx_word' id='word_1_48' title='bbox 621 993 688 1042; x_wconf 91' lang='lat' dir='ltr'><strong>sunt</strong></span> <span class='ocrx_word' id='word_1_49' title='bbox 703 1002 740 1042; x_wconf 87' lang='lat' dir='ltr'><strong>ex</strong></span> <span class='ocrx_word' id='word_1_50' title='bbox 753 984 816 1041; x_wconf 92' lang='lat' dir='ltr'><strong>ullis</strong></span> <span class='ocrx_word' id='word_1_51' title='bbox 830 985 1038 1059; x_wconf 86' lang='lat' dir='ltr'>principiorum</span> 
     </span>
     <span class='ocr_line' id='line_1_9' title="bbox 289 1075 1193 1149; baseline 0.002 -18"><span class='ocrx_word' id='word_1_52' title='bbox 289 1075 468 1149; x_wconf 88' lang='lat' dir='ltr'><strong>corporibus,</strong></span> <span class='ocrx_word' id='word_1_53' title='bbox 483 1093 607 1148; x_wconf 90' lang='lat' dir='ltr'><strong>quorum</strong></span> <span class='ocrx_word' id='word_1_54' title='bbox 621 1084 719 1132; x_wconf 87' lang='lat' dir='ltr'><strong>motus</strong></span> <span class='ocrx_word' id='word_1_55' title='bbox 733 1075 861 1132; x_wconf 89' lang='lat' dir='ltr'><strong>novitate</strong></span> <span class='ocrx_word' id='word_1_56' title='bbox 875 1075 1006 1133; x_wconf 84' lang='lat' dir='ltr'><strong>laborent</strong></span> <span class='ocrx_word' id='word_1_57' title='bbox 1145 1097 1193 1149; x_wconf 87' lang='lat'><strong>970</strong></span> 
     </span>
     <span class='ocr_line' id='line_1_10' title="bbox 289 1163 1043 1240; baseline 0.003 -19"><span class='ocrx_word' id='word_1_58' title='bbox 289 1175 337 1223; x_wconf 91' lang='lat' dir='ltr'><strong>aut</strong></span> <span class='ocrx_word' id='word_1_59' title='bbox 352 1165 478 1240; x_wconf 88' lang='lat' dir='ltr'>aliquem</span> <span class='ocrx_word' id='word_1_60' title='bbox 492 1165 617 1222; x_wconf 87' lang='lat' dir='ltr'><strong>fructum</strong></span> <span class='ocrx_word' id='word_1_61' title='bbox 632 1166 750 1239; x_wconf 88' lang='lat' dir='ltr'><strong>capiant</strong></span> <span class='ocrx_word' id='word_1_62' title='bbox 764 1163 927 1222; x_wconf 87' lang='lat' dir='ltr'><strong>dulcedinis</strong></span> <span class='ocrx_word' id='word_1_63' title='bbox 940 1166 1043 1238; x_wconf 89' lang='lat' dir='ltr'><strong>almae,</strong></span> 
     </span>
     <span class='ocr_line' id='line_1_11' title="bbox 288 1254 990 1331; baseline 0.001 -19"><span class='ocrx_word' id='word_1_64' title='bbox 288 1255 357 1312; x_wconf 91' lang='lat' dir='ltr'><strong>haut</strong></span> <span class='ocrx_word' id='word_1_65' title='bbox 371 1255 456 1331; x_wconf 82' lang='lat' dir='ltr'><strong>igitur</strong></span> <span class='ocrx_word' id='word_1_66' title='bbox 470 1255 581 1314; x_wconf 89' lang='lat' dir='ltr'><strong>debent</strong></span> <span class='ocrx_word' id='word_1_67' title='bbox 595 1273 659 1312; x_wconf 91' lang='lat' dir='ltr'><strong>esse</strong></span> <span class='ocrx_word' id='word_1_68' title='bbox 674 1255 733 1312; x_wconf 91' lang='lat' dir='ltr'><strong>ullo</strong></span> <span class='ocrx_word' id='word_1_69' title='bbox 748 1254 880 1330; x_wconf 88' lang='lat' dir='ltr'><strong>praedita</strong></span> <span class='ocrx_word' id='word_1_70' title='bbox 895 1273 990 1314; x_wconf 90' lang='lat' dir='ltr'><strong>sensu.</strong></span> 
     </span>
     <span class='ocr_line' id='line_1_12' title="bbox 328 1345 1070 1421; baseline 0 -17"><span class='ocrx_word' id='word_1_71' title='bbox 328 1347 464 1421; x_wconf 92' lang='lat' dir='ltr'><strong>Denique</strong></span> <span class='ocrx_word' id='word_1_72' title='bbox 479 1347 521 1404; x_wconf 92' lang='lat' dir='ltr'><strong>uti</strong></span> <span class='ocrx_word' id='word_1_73' title='bbox 533 1346 647 1421; x_wconf 82' lang='lat' dir='ltr'><strong>possint</strong></span> <span class='ocrx_word' id='word_1_74' title='bbox 660 1345 765 1403; x_wconf 90' lang='lat' dir='ltr'><strong>sentire</strong></span> <span class='ocrx_word' id='word_1_75' title='bbox 780 1345 914 1403; x_wconf 90' lang='lat' dir='ltr'><strong>animalia</strong></span> <span class='ocrx_word' id='word_1_76' title='bbox 927 1364 1070 1421; x_wconf 89' lang='lat' dir='ltr'><strong>quaeque,</strong></span> 
     </span>
     <span class='ocr_line' id='line_1_13' title="bbox 286 1435 1029 1513; baseline 0 -19"><span class='ocrx_word' id='word_1_77' title='bbox 286 1437 435 1513; x_wconf 87' lang='lat' dir='ltr'><strong>principiis</strong></span> <span class='ocrx_word' id='word_1_78' title='bbox 449 1438 472 1494; x_wconf 94' lang='lat' dir='ltr'><strong>si</strong></span> <span class='ocrx_word' id='word_1_79' title='bbox 487 1437 544 1494; x_wconf 92' lang='lat' dir='ltr'><strong>iam</strong></span> <span class='ocrx_word' id='word_1_80' title='bbox 559 1446 603 1494; x_wconf 94' lang='lat' dir='ltr'><strong>est</strong></span> <span class='ocrx_word' id='word_1_81' title='bbox 617 1453 718 1493; x_wconf 90' lang='lat' dir='ltr'><strong>sensus</strong></span> <span class='ocrx_word' id='word_1_82' title='bbox 733 1435 903 1494; x_wconf 89' lang='lat' dir='ltr'><strong>tribuendus</strong></span> <span class='ocrx_word' id='word_1_83' title='bbox 918 1455 1029 1508; x_wconf 91' lang='lat' dir='ltr'><strong>eorum,</strong></span> 
     </span>
     <span class='ocr_line' id='line_1_14' title="bbox 287 1525 1188 1602; baseline 0.002 -18"><span class='ocrx_word' id='word_1_84' title='bbox 287 1527 367 1602; x_wconf 92' lang='lat' dir='ltr'><strong>quid,</strong></span> <span class='ocrx_word' id='word_1_85' title='bbox 375 1545 467 1602; x_wconf 89' lang='lat' dir='ltr'><strong>genus</strong></span> <span class='ocrx_word' id='word_1_86' title='bbox 479 1526 639 1584; x_wconf 89' lang='lat' dir='ltr'><strong>humanum</strong></span> <span class='ocrx_word' id='word_1_87' title='bbox 650 1526 802 1601; x_wconf 90' lang='lat' dir='ltr'><strong>propritim</strong></span> <span class='ocrx_word' id='word_1_88' title='bbox 814 1525 852 1583; x_wconf 91' lang='lat' dir='ltr'><strong>de</strong></span> <span class='ocrx_word' id='word_1_89' title='bbox 862 1526 961 1600; x_wconf 91' lang='lat' dir='ltr'><strong>quibu’</strong></span> <span class='ocrx_word' id='word_1_90' title='bbox 972 1527 1128 1586; x_wconf 86' lang='lat' dir='ltr'><strong>factumst?</strong></span> <span class='ocrx_word' id='word_1_91' title='bbox 1140 1546 1188 1601; x_wconf 81' lang='lat'><strong>975</strong></span> 
     </span>
     <span class='ocr_line' id='line_1_15' title="bbox 286 1617 997 1675; baseline 0 -1"><span class='ocrx_word' id='word_1_92' title='bbox 286 1618 396 1675; x_wconf 88' lang='lat' dir='ltr'><strong>scilicet</strong></span> <span class='ocrx_word' id='word_1_93' title='bbox 410 1627 440 1674; x_wconf 93' lang='lat' dir='ltr'><strong>et</strong></span> <span class='ocrx_word' id='word_1_94' title='bbox 453 1618 510 1674; x_wconf 86' lang='lat' dir='ltr'><strong>risu</strong></span> <span class='ocrx_word' id='word_1_95' title='bbox 523 1617 646 1674; x_wconf 91' lang='lat' dir='ltr'><strong>tremulo</strong></span> <span class='ocrx_word' id='word_1_96' title='bbox 661 1634 805 1674; x_wconf 91' lang='lat' dir='ltr'><strong>concussa</strong></span> <span class='ocrx_word' id='word_1_97' title='bbox 819 1617 997 1675; x_wconf 88' lang='lat' dir='ltr'><strong>cachinnant</strong></span> 
     </span>
     <span class='ocr_line' id='line_1_16' title="bbox 286 1707 1009 1782; baseline 0.001 -17"><span class='ocrx_word' id='word_1_98' title='bbox 286 1717 315 1766; x_wconf 93' lang='lat' dir='ltr'><strong>et</strong></span> <span class='ocrx_word' id='word_1_99' title='bbox 329 1708 453 1765; x_wconf 88' lang='lat' dir='ltr'><strong>lacrimis</strong></span> <span class='ocrx_word' id='word_1_100' title='bbox 467 1717 605 1782; x_wconf 84' lang='lat' dir='ltr'><strong>spargunt</strong></span> <span class='ocrx_word' id='word_1_101' title='bbox 618 1707 781 1765; x_wconf 87' lang='lat' dir='ltr'><strong>rorantibus</strong></span> <span class='ocrx_word' id='word_1_102' title='bbox 796 1725 848 1764; x_wconf 91' lang='lat' dir='ltr'><strong>ora</strong></span> <span class='ocrx_word' id='word_1_103' title='bbox 861 1725 1009 1782; x_wconf 83' lang='lat' dir='ltr'><strong>genasque</strong></span> 
     </span>
     <span class='ocr_line' id='line_1_17' title="bbox 285 1796 970 1872; baseline 0 -17"><span class='ocrx_word' id='word_1_104' title='bbox 285 1799 433 1872; x_wconf 87' lang='lat' dir='ltr'><strong>multaque</strong></span> <span class='ocrx_word' id='word_1_105' title='bbox 448 1797 487 1855; x_wconf 89' lang='lat' dir='ltr'><strong>de</strong></span> <span class='ocrx_word' id='word_1_106' title='bbox 501 1815 596 1854; x_wconf 88' lang='lat' dir='ltr'><strong>rerum</strong></span> <span class='ocrx_word' id='word_1_107' title='bbox 611 1797 735 1854; x_wconf 85' lang='lat' dir='ltr'><strong>mixtura</strong></span> <span class='ocrx_word' id='word_1_108' title='bbox 749 1796 848 1856; x_wconf 88' lang='lat' dir='ltr'><strong>dicere</strong></span> <span class='ocrx_word' id='word_1_109' title='bbox 863 1798 970 1855; x_wconf 89' lang='lat' dir='ltr'><strong>callent</strong></span> 
     </span>
     <span class='ocr_line' id='line_1_18' title="bbox 285 1887 1046 1963; baseline 0.001 -17"><span class='ocrx_word' id='word_1_110' title='bbox 285 1897 314 1946; x_wconf 91' lang='lat' dir='ltr'><strong>et</strong></span> <span class='ocrx_word' id='word_1_111' title='bbox 328 1888 382 1946; x_wconf 91' lang='lat' dir='ltr'><strong>sibi</strong></span> <span class='ocrx_word' id='word_1_112' title='bbox 397 1905 538 1963; x_wconf 88' lang='lat' dir='ltr'><strong>proporro</strong></span> <span class='ocrx_word' id='word_1_113' title='bbox 551 1905 626 1962; x_wconf 90' lang='lat' dir='ltr'><strong>quae</strong></span> <span class='ocrx_word' id='word_1_114' title='bbox 641 1888 698 1945; x_wconf 88' lang='lat' dir='ltr'><strong>sint</strong></span> <span class='ocrx_word' id='word_1_115' title='bbox 711 1887 870 1962; x_wconf 90' lang='lat' dir='ltr'><strong>primordia</strong></span> <span class='ocrx_word' id='word_1_116' title='bbox 883 1899 1046 1962; x_wconf 83' lang='lat' dir='ltr'><strong>quaerunt;</strong></span> 
     </span>
     <span class='ocr_line' id='line_1_19' title="bbox 284 1977 1188 2055; baseline -0.001 -18"><span class='ocrx_word' id='word_1_117' title='bbox 284 1978 525 2055; x_wconf 87' lang='lat' dir='ltr'><strong>quandoquidem</strong></span> <span class='ocrx_word' id='word_1_118' title='bbox 540 1979 606 2037; x_wconf 87' lang='lat' dir='ltr'><strong>totis</strong></span> <span class='ocrx_word' id='word_1_119' title='bbox 621 1978 790 2037; x_wconf 85' lang='lat' dir='ltr'><strong>mortalibus</strong></span> <span class='ocrx_word' id='word_1_120' title='bbox 805 1977 978 2036; x_wconf 88' lang='lat' dir='ltr'><strong>adsimulata</strong></span> <span class='ocrx_word' id='word_1_121' title='bbox 1138 1987 1188 2055; x_wconf 88' lang='lat'><strong>980</strong></span> 
     </span>
     <span class='ocr_line' id='line_1_20' title="bbox 283 2068 1051 2146; baseline 0 -18"><span class='ocrx_word' id='word_1_122' title='bbox 283 2070 347 2146; x_wconf 93' lang='lat' dir='ltr'><strong>ipsa</strong></span> <span class='ocrx_word' id='word_1_123' title='bbox 360 2089 478 2145; x_wconf 92' lang='lat' dir='ltr'><strong>quoque</strong></span> <span class='ocrx_word' id='word_1_124' title='bbox 493 2087 530 2128; x_wconf 86' lang='lat' dir='ltr'><strong>ex</strong></span> <span class='ocrx_word' id='word_1_125' title='bbox 544 2068 605 2127; x_wconf 89' lang='lat' dir='ltr'><strong>aliis</strong></span> <span class='ocrx_word' id='word_1_126' title='bbox 619 2070 730 2127; x_wconf 91' lang='lat' dir='ltr'><strong>debent</strong></span> <span class='ocrx_word' id='word_1_127' title='bbox 744 2079 877 2127; x_wconf 89' lang='lat' dir='ltr'><strong>constare</strong></span> <span class='ocrx_word' id='word_1_128' title='bbox 892 2071 1051 2140; x_wconf 88' lang='lat' dir='ltr'><strong>elementis,</strong></span> 
     </span>
     <span class='ocr_line' id='line_1_21' title="bbox 283 2161 1045 2236; baseline -0.001 -17"><span class='ocrx_word' id='word_1_129' title='bbox 283 2161 353 2219; x_wconf 91' lang='lat' dir='ltr'><strong>inde</strong></span> <span class='ocrx_word' id='word_1_130' title='bbox 367 2162 421 2218; x_wconf 88' lang='lat' dir='ltr'><strong>alia</strong></span> <span class='ocrx_word' id='word_1_131' title='bbox 436 2178 472 2219; x_wconf 89' lang='lat' dir='ltr'><strong>ex</strong></span> <span class='ocrx_word' id='word_1_132' title='bbox 486 2161 556 2232; x_wconf 87' lang='lat' dir='ltr'><strong>aliis,</strong></span> <span class='ocrx_word' id='word_1_133' title='bbox 571 2179 716 2236; x_wconf 89' lang='lat' dir='ltr'><strong>nusquam</strong></span> <span class='ocrx_word' id='word_1_134' title='bbox 731 2161 889 2218; x_wconf 89' lang='lat' dir='ltr'><strong>consistere</strong></span> <span class='ocrx_word' id='word_1_135' title='bbox 903 2170 936 2217; x_wconf 91' lang='lat' dir='ltr'><strong>ut</strong></span> <span class='ocrx_word' id='word_1_136' title='bbox 950 2162 1045 2218; x_wconf 88' lang='lat' dir='ltr'><strong>ausis:</strong></span> 
     </span>
     <span class='ocr_line' id='line_1_22' title="bbox 283 2249 1102 2326; baseline -0.001 -17"><span class='ocrx_word' id='word_1_137' title='bbox 283 2252 392 2326; x_wconf 89' lang='lat' dir='ltr'><strong>quippe</strong></span> <span class='ocrx_word' id='word_1_138' title='bbox 407 2269 520 2326; x_wconf 88' lang='lat' dir='ltr'><strong>sequar,</strong></span> <span class='ocrx_word' id='word_1_139' title='bbox 535 2250 745 2325; x_wconf 90' lang='lat' dir='ltr'><strong>quodcumque</strong></span> <span class='ocrx_word' id='word_1_140' title='bbox 759 2250 840 2325; x_wconf 90' lang='lat' dir='ltr'><strong>loqui</strong></span> <span class='ocrx_word' id='word_1_141' title='bbox 853 2249 1006 2325; x_wconf 90' lang='lat' dir='ltr'><strong>ridereque</strong></span> <span class='ocrx_word' id='word_1_142' title='bbox 1021 2251 1102 2309; x_wconf 91' lang='lat' dir='ltr'><strong>dices</strong></span> 
     </span>
     <span class='ocr_line' id='line_1_23' title="bbox 283 2340 1065 2417; baseline 0 -18"><span class='ocrx_word' id='word_1_143' title='bbox 283 2351 313 2399; x_wconf 91' lang='lat' dir='ltr'><strong>et</strong></span> <span class='ocrx_word' id='word_1_144' title='bbox 326 2360 436 2417; x_wconf 88' lang='lat' dir='ltr'><strong>sapere,</strong></span> <span class='ocrx_word' id='word_1_145' title='bbox 453 2361 489 2399; x_wconf 88' lang='lat' dir='ltr'><strong>ex</strong></span> <span class='ocrx_word' id='word_1_146' title='bbox 503 2341 564 2399; x_wconf 90' lang='lat' dir='ltr'><strong>aliis</strong></span> <span class='ocrx_word' id='word_1_147' title='bbox 579 2340 684 2398; x_wconf 90' lang='lat' dir='ltr'><strong>eadem</strong></span> <span class='ocrx_word' id='word_1_148' title='bbox 700 2340 774 2398; x_wconf 86' lang='lat' dir='ltr'><strong>haec</strong></span> <span class='ocrx_word' id='word_1_149' title='bbox 788 2341 961 2399; x_wconf 83' lang='lat' dir='ltr'><strong>facientibus</strong></span> <span class='ocrx_word' id='word_1_150' title='bbox 975 2352 1007 2399; x_wconf 91' lang='lat' dir='ltr'><strong>ut</strong></span> <span class='ocrx_word' id='word_1_151' title='bbox 1021 2342 1065 2399; x_wconf 86' lang='lat' dir='ltr'><strong>sit.</strong></span> 
     </span>
     <span class='ocr_line' id='line_1_24' title="bbox 283 2432 1184 2507; baseline 0 -18"><span class='ocrx_word' id='word_1_152' title='bbox 283 2432 364 2507; x_wconf 93' lang='lat' dir='ltr'><strong>quod</strong></span> <span class='ocrx_word' id='word_1_153' title='bbox 379 2433 402 2490; x_wconf 92' lang='lat' dir='ltr'><strong>si</strong></span> <span class='ocrx_word' id='word_1_154' title='bbox 416 2432 506 2491; x_wconf 91' lang='lat' dir='ltr'><strong>delira</strong></span> <span class='ocrx_word' id='word_1_155' title='bbox 520 2432 593 2490; x_wconf 90' lang='lat' dir='ltr'><strong>haec</strong></span> <span class='ocrx_word' id='word_1_156' title='bbox 607 2432 772 2506; x_wconf 83' lang='lat' dir='ltr'><strong>furiosaque</strong></span> <span class='ocrx_word' id='word_1_157' title='bbox 787 2432 932 2489; x_wconf 88' lang='lat' dir='ltr'><strong>cernimus</strong></span> <span class='ocrx_word' id='word_1_158' title='bbox 948 2450 1011 2490; x_wconf 89' lang='lat' dir='ltr'><strong>esse</strong></span> <span class='ocrx_word' id='word_1_159' title='bbox 1136 2438 1184 2505; x_wconf 86' lang='grc'><strong>985</strong></span> 
     </span>
     <span class='ocr_line' id='line_1_25' title="bbox 284 2522 933 2599; baseline -0.002 -19"><span class='ocrx_word' id='word_1_160' title='bbox 284 2533 312 2581; x_wconf 90' lang='lat' dir='ltr'><strong>et</strong></span> <span class='ocrx_word' id='word_1_161' title='bbox 326 2523 419 2581; x_wconf 90' lang='lat' dir='ltr'><strong>ridere</strong></span> <span class='ocrx_word' id='word_1_162' title='bbox 434 2532 531 2599; x_wconf 85' lang='lat' dir='ltr'><strong>potest</strong></span> <span class='ocrx_word' id='word_1_163' title='bbox 545 2540 605 2581; x_wconf 91' lang='lat' dir='ltr'><strong>non</strong></span> <span class='ocrx_word' id='word_1_164' title='bbox 620 2540 657 2579; x_wconf 87' lang='lat' dir='ltr'><strong>ex</strong></span> <span class='ocrx_word' id='word_1_165' title='bbox 669 2522 826 2580; x_wconf 77' lang='lat' dir='ltr'><strong>ridentibu’</strong></span> <span class='ocrx_word' id='word_1_166' title='bbox 840 2522 933 2580; x_wconf 90' lang='lat' dir='ltr'><strong>sactus</strong></span> 
     </span>
     <span class='ocr_line' id='line_1_26' title="bbox 283 2612 976 2688; baseline -0.003 -17"><span class='ocrx_word' id='word_1_167' title='bbox 283 2623 313 2671; x_wconf 89' lang='lat' dir='ltr'><strong>et</strong></span> <span class='ocrx_word' id='word_1_168' title='bbox 326 2631 427 2688; x_wconf 90' lang='lat' dir='ltr'><strong>sapere</strong></span> <span class='ocrx_word' id='word_1_169' title='bbox 442 2622 472 2671; x_wconf 91' lang='lat' dir='ltr'><strong>et</strong></span> <span class='ocrx_word' id='word_1_170' title='bbox 486 2612 580 2671; x_wconf 92' lang='lat' dir='ltr'><strong>doctis</strong></span> <span class='ocrx_word' id='word_1_171' title='bbox 594 2613 736 2669; x_wconf 87' lang='lat' dir='ltr'><strong>rationem</strong></span> <span class='ocrx_word' id='word_1_172' title='bbox 751 2612 875 2671; x_wconf 89' lang='lat' dir='ltr'><strong>reddere</strong></span> <span class='ocrx_word' id='word_1_173' title='bbox 889 2612 976 2670; x_wconf 90' lang='lat' dir='ltr'><strong>dictis</strong></span> 
     </span>
     <span class='ocr_line' id='line_1_27' title="bbox 282 2702 998 2777; baseline -0.001 -17"><span class='ocrx_word' id='word_1_174' title='bbox 282 2721 343 2761; x_wconf 91' lang='lat' dir='ltr'><strong>non</strong></span> <span class='ocrx_word' id='word_1_175' title='bbox 357 2722 395 2760; x_wconf 83' lang='lat' dir='ltr'><strong>ex</strong></span> <span class='ocrx_word' id='word_1_176' title='bbox 408 2703 567 2761; x_wconf 90' lang='lat' dir='ltr'><strong>seminibus</strong></span> <span class='ocrx_word' id='word_1_177' title='bbox 581 2703 759 2777; x_wconf 84' lang='lat' dir='ltr'><strong>sapientibus</strong></span> <span class='ocrx_word' id='word_1_178' title='bbox 773 2712 861 2777; x_wconf 89' lang='lat' dir='ltr'><strong>atque</strong></span> <span class='ocrx_word' id='word_1_179' title='bbox 876 2702 998 2773; x_wconf 88' lang='lat' dir='ltr'><strong>disertis,</strong></span> 
     </span>
     <span class='ocr_line' id='line_1_28' title="bbox 283 2793 1047 2868; baseline -0.001 -18"><span class='ocrx_word' id='word_1_180' title='bbox 283 2794 333 2868; x_wconf 93' lang='lat' dir='ltr'><strong>qui</strong></span> <span class='ocrx_word' id='word_1_181' title='bbox 347 2794 442 2851; x_wconf 91' lang='lat' dir='ltr'><strong>minus</strong></span> <span class='ocrx_word' id='word_1_182' title='bbox 458 2794 520 2851; x_wconf 84' lang='lat' dir='ltr'><strong>e&#39;sse</strong></span> <span class='ocrx_word' id='word_1_183' title='bbox 536 2802 644 2865; x_wconf 90' lang='lat' dir='ltr'><strong>queant</strong></span> <span class='ocrx_word' id='word_1_184' title='bbox 658 2810 693 2849; x_wconf 90' lang='lat' dir='ltr'><strong>ea</strong></span> <span class='ocrx_word' id='word_1_185' title='bbox 707 2810 783 2866; x_wconf 91' lang='lat' dir='ltr'><strong>quae</strong></span> <span class='ocrx_word' id='word_1_186' title='bbox 797 2793 903 2851; x_wconf 90' lang='lat' dir='ltr'><strong>sentire</strong></span> <span class='ocrx_word' id='word_1_187' title='bbox 914 2793 1047 2850; x_wconf 90' lang='lat' dir='ltr'><strong>videmus</strong></span> 
     </span>
     <span class='ocr_line' id='line_1_29' title="bbox 282 2883 1185 2964; baseline -0.002 -22"><span class='ocrx_word' id='word_1_188' title='bbox 282 2883 440 2942; x_wconf 89' lang='lat' dir='ltr'><strong>seminibus</strong></span> <span class='ocrx_word' id='word_1_189' title='bbox 455 2883 598 2957; x_wconf 84' lang='lat' dir='ltr'><strong>permixta</strong></span> <span class='ocrx_word' id='word_1_190' title='bbox 611 2883 775 2941; x_wconf 87' lang='lat' dir='ltr'><strong>carentibus</strong></span> <span class='ocrx_word' id='word_1_191' title='bbox 789 2883 919 2957; x_wconf 89' lang='lat' dir='ltr'><strong>undique</strong></span> <span class='ocrx_word' id='word_1_192' title='bbox 934 2884 1042 2964; x_wconf 87' lang='lat' dir='ltr'><strong>sensu?</strong></span> <span class='ocrx_word' id='word_1_193' title='bbox 1134 2903 1185 2953; x_wconf 89' lang='lat'><strong>990</strong></span> 
     </span>
     <span class='ocr_line' id='line_1_30' title="bbox 322 2971 1095 3048; baseline -0.003 -17"><span class='ocrx_word' id='word_1_194' title='bbox 322 2974 458 3048; x_wconf 91' lang='lat' dir='ltr'><strong>Denique</strong></span> <span class='ocrx_word' id='word_1_195' title='bbox 473 2973 591 3031; x_wconf 90' lang='lat' dir='ltr'><strong>caelesti</strong></span> <span class='ocrx_word' id='word_1_196' title='bbox 604 2991 705 3030; x_wconf 90' lang='lat' dir='ltr'><strong>sumus</strong></span> <span class='ocrx_word' id='word_1_197' title='bbox 718 2991 822 3031; x_wconf 89' lang='lat' dir='ltr'><strong>omnes</strong></span> <span class='ocrx_word' id='word_1_198' title='bbox 835 2974 947 3030; x_wconf 89' lang='lat' dir='ltr'><strong>semine</strong></span> <span class='ocrx_word' id='word_1_199' title='bbox 961 2971 1076 3029; x_wconf 88' lang='lat' dir='ltr'><strong>oriundi</strong></span> <span class='ocrx_word' id='word_1_200' title='bbox 1088 2992 1095 3042; x_wconf 91' lang='lat'>;</span> 
     </span>
     <span class='ocr_line' id='line_1_31' title="bbox 282 3062 1071 3138; baseline -0.003 -17"><span class='ocrx_word' id='word_1_201' title='bbox 282 3064 417 3121; x_wconf 90' lang='lat' dir='ltr'><strong>omnibus</strong></span> <span class='ocrx_word' id='word_1_202' title='bbox 432 3064 478 3120; x_wconf 94' lang='lat' dir='ltr'><strong>ille</strong></span> <span class='ocrx_word' id='word_1_203' title='bbox 493 3062 573 3121; x_wconf 89' lang='lat' dir='ltr'><strong>idem</strong></span> <span class='ocrx_word' id='word_1_204' title='bbox 586 3073 669 3138; x_wconf 88' lang='lat' dir='ltr'><strong>pater</strong></span> <span class='ocrx_word' id='word_1_205' title='bbox 683 3073 736 3134; x_wconf 88' lang='lat' dir='ltr'><strong>est,</strong></span> <span class='ocrx_word' id='word_1_206' title='bbox 752 3062 831 3121; x_wconf 92' lang='lat' dir='ltr'><strong>unde</strong></span> <span class='ocrx_word' id='word_1_207' title='bbox 846 3064 921 3121; x_wconf 90' lang='lat' dir='ltr'><strong>alma</strong></span> <span class='ocrx_word' id='word_1_208' title='bbox 935 3063 1071 3137; x_wconf 89' lang='lat' dir='ltr'><strong>liquentis</strong></span> 
     </span>
     <span class='ocr_line' id='line_1_32' title="bbox 281 3154 987 3229; baseline -0.001 -19"><span class='ocrx_word' id='word_1_209' title='bbox 281 3154 389 3212; x_wconf 90' lang='lat' dir='ltr'><strong>umoris</strong></span> <span class='ocrx_word' id='word_1_210' title='bbox 403 3164 497 3229; x_wconf 85' lang='lat' dir='ltr'><strong>guttas</strong></span> <span class='ocrx_word' id='word_1_211' title='bbox 512 3163 604 3211; x_wconf 88' lang='lat' dir='ltr'><strong>mater</strong></span> <span class='ocrx_word' id='word_1_212' title='bbox 617 3172 685 3211; x_wconf 89' lang='lat' dir='ltr'><strong>cum</strong></span> <span class='ocrx_word' id='word_1_213' title='bbox 700 3164 774 3210; x_wconf 88' lang='lat' dir='ltr'><strong>terra</strong></span> <span class='ocrx_word' id='word_1_214' title='bbox 787 3154 907 3228; x_wconf 88' lang='lat' dir='ltr'><strong>recepit,</strong></span> <span class='ocrx_word' id='word_1_215' title='bbox 978 3178 987 3195; x_wconf 92' lang='lat'><strong>·</strong></span> 
     </span>
     <span class='ocr_line' id='line_1_33' title="bbox 280 3243 937 3319; baseline -0.002 -17"><span class='ocrx_word' id='word_1_216' title='bbox 280 3244 340 3302; x_wconf 88' lang='lat' dir='ltr'><strong>seta</strong></span> <span class='ocrx_word' id='word_1_217' title='bbox 354 3245 427 3319; x_wconf 92' lang='lat' dir='ltr'><strong>parit</strong></span> <span class='ocrx_word' id='word_1_218' title='bbox 440 3243 547 3302; x_wconf 85' lang='lat' dir='ltr'><strong>nitidas</strong></span> <span class='ocrx_word' id='word_1_219' title='bbox 562 3245 656 3319; x_wconf 85' lang='lat' dir='ltr'><strong>fruges</strong></span> <span class='ocrx_word' id='word_1_220' title='bbox 671 3245 847 3319; x_wconf 89' lang='lat' dir='ltr'><strong>arbustaque</strong></span> <span class='ocrx_word' id='word_1_221' title='bbox 861 3244 937 3301; x_wconf 90' lang='lat' dir='ltr'><strong>laeta</strong></span> 
     </span>
     <span class='ocr_line' id='line_1_34' title="bbox 281 3335 1183 3410; baseline -0.003 -18"><span class='ocrx_word' id='word_1_222' title='bbox 281 3345 311 3392; x_wconf 90' lang='lat' dir='ltr'><strong>et</strong></span> <span class='ocrx_word' id='word_1_223' title='bbox 324 3353 416 3410; x_wconf 86' lang='lat' dir='ltr'><strong>genus</strong></span> <span class='ocrx_word' id='word_1_224' title='bbox 431 3335 601 3407; x_wconf 89' lang='lat' dir='ltr'><strong>humanum,</strong></span> <span class='ocrx_word' id='word_1_225' title='bbox 616 3336 691 3410; x_wconf 88' lang='lat' dir='ltr'><strong>parit</strong></span> <span class='ocrx_word' id='word_1_226' title='bbox 704 3335 804 3393; x_wconf 88' lang='lat' dir='ltr'><strong>omnia</strong></span> <span class='ocrx_word' id='word_1_227' title='bbox 817 3335 912 3393; x_wconf 87' lang='lat' dir='ltr'><strong>saecla</strong></span> <span class='ocrx_word' id='word_1_228' title='bbox 926 3336 1060 3400; x_wconf 87' lang='lat' dir='ltr'><strong>serarum,</strong></span> <span class='ocrx_word' id='word_1_229' title='bbox 1134 3350 1183 3405; x_wconf 85' lang='lat'><strong>995</strong></span> 
     </span>
     <span class='ocr_line' id='line_1_35' title="bbox 280 3425 1117 3501; baseline -0.002 -18"><span class='ocrx_word' id='word_1_230' title='bbox 280 3426 386 3501; x_wconf 89' lang='lat' dir='ltr'><strong>pabula</strong></span> <span class='ocrx_word' id='word_1_231' title='bbox 400 3444 468 3483; x_wconf 86' lang='lat' dir='ltr'><strong>curn</strong></span> <span class='ocrx_word' id='word_1_232' title='bbox 482 3426 603 3500; x_wconf 86' lang='lat' dir='ltr'><strong>praebet</strong></span> <span class='ocrx_word' id='word_1_233' title='bbox 617 3425 723 3500; x_wconf 91' lang='lat' dir='ltr'><strong>quibus</strong></span> <span class='ocrx_word' id='word_1_234' title='bbox 736 3443 840 3483; x_wconf 90' lang='lat' dir='ltr'><strong>omnes</strong></span> <span class='ocrx_word' id='word_1_235' title='bbox 854 3445 978 3501; x_wconf 88' lang='lat' dir='ltr'><strong>corpora</strong></span> <span class='ocrx_word' id='word_1_236' title='bbox 991 3432 1117 3499; x_wconf 90' lang='lat' dir='ltr'><strong>pascunt</strong></span> 
     </span>
     <span class='ocr_line' id='line_1_36' title="bbox 282 3516 1049 3591; baseline 0 -17"><span class='ocrx_word' id='word_1_237' title='bbox 282 3525 311 3575; x_wconf 91' lang='lat' dir='ltr'><strong>et</strong></span> <span class='ocrx_word' id='word_1_238' title='bbox 325 3516 441 3575; x_wconf 87' lang='lat' dir='ltr'><strong>dulcem</strong></span> <span class='ocrx_word' id='word_1_239' title='bbox 455 3516 567 3574; x_wconf 91' lang='lat' dir='ltr'><strong>ducunt</strong></span> <span class='ocrx_word' id='word_1_240' title='bbox 580 3516 667 3573; x_wconf 86' lang='lat' dir='ltr'><strong>vitam</strong></span> <span class='ocrx_word' id='word_1_241' title='bbox 682 3518 853 3591; x_wconf 91' lang='lat' dir='ltr'><strong>prolemque</strong></span> <span class='ocrx_word' id='word_1_242' title='bbox 867 3525 1049 3591; x_wconf 82' lang='lat' dir='ltr'><strong>propagant3</strong></span> 
     </span>
    </p>
   </div>
   <div class='ocr_carea' id='block_1_3' title="bbox 0 0 1400 4025">
    <p class='ocr_par' dir='ltr' id='par_1_3' title="bbox 0 0 1400 4025">
     <span class='ocr_line' id='line_1_37' title="bbox 0 0 1400 4025; baseline 0 4"><span class='ocrx_word' id='word_1_243' title='bbox 0 0 1400 4025; x_wconf 95' lang='lat' dir='ltr'><strong> </strong></span> 
     </span>
    </p>
   </div>
  </div>
 </body>
</html>
