2792 4025
237 280 310 352 ΙΙΙ.]
476 283 531 335 DE
557 284 705 337 RERUM
733 284 905 337 NATURA

234 442 300 500 aere
315 443 365 517 qui
380 442 483 502 credas
497 461 583 519 posse
599 444 674 501 hanc
689 444 853 502 cohiberier
866 445 948 503 ullo?

234 551 357 608 corpore
372 535 422 608 qui
436 545 535 593 nostro
550 553 628 592 rarus
642 536 734 610 magis
748 536 771 593 is
786 535 966 594 cohibessit?

237 645 240 649 ·
276 627 428 682 Praeterea
441 626 520 700 gigni
535 627 641 700 pariter
654 644 724 683 cum
738 644 862 701 corpore
877 637 907 685 et
921 645 981 684 una

234 733 365 773 crescere
380 717 521 773 sentimus
535 717 700 791 pariterque
715 735 868 775 senescere
884 727 1027 776 mentem.

233 823 302 862 narn
316 805 394 863 velut
409 806 524 864 infirmo
538 807 622 881 pueri
636 817 798 880 teneroque
811 817 954 882 vagantur

234 913 368 969 corpore,
383 896 425 953 sic
439 897 529 954 animi
543 897 672 971 sequitur
685 898 830 954 sententia
843 898 945 958 tenvis.

233 985 302 1044 inde
318 987 368 1044 ubi
382 987 507 1045 robustis
521 987 649 1045 adolevit
662 988 769 1045 viribus
784 997 874 1061 aetaS,

233 1076 386 1134 consilium
401 1095 520 1151 quoque
535 1078 628 1135 maius
643 1087 672 1134 et
686 1079 799 1135 auctior
813 1089 857 1136 est
871 1078 960 1135 animi
975 1079 1026 1135 vis

233 1177 301 1242 post
314 1167 365 1226 ubi
379 1166 437 1224 iam
451 1167 553 1225 validis
567 1178 735 1242 quassatum
751 1179 795 1226 est
808 1169 916 1234 uiribus
931 1169 996 1226 aevi

233 1275 341 1333 corpus
355 1267 385 1315 et
398 1257 509 1316 obtusis
524 1257 694 1316 cecideruut
707 1258 814 1316 viribus
828 1269 916 1329 artua,

139 1425 142 1432 ,
234 1348 380 1406 claudicat
394 1347 552 1422 ingenium,
568 1348 670 1406 delirat
684 1348 790 1423 lingua,
806 1350 883 1407 labat
898 1367 991 1422 mens,

233 1439 333 1496 omnia
347 1438 489 1497 deficiunt
503 1449 591 1514 atque
605 1457 664 1497 uno
679 1450 813 1513 tempore
827 1438 943 1497 demut„

234 1547 303 1604 ergo
318 1528 438 1588 dissolui
452 1548 572 1604 quoque
587 1530 726 1588 convenit
741 1548 862 1588 omnem
876 1530 984 1589 animai

233 1629 376 1690 naturam,
391 1638 446 1677 ceu
462 1622 567 1693 fumus,
582 1620 613 1680 in
626 1621 698 1679 altas
711 1621 785 1680 aeris
799 1639 882 1678 auras
893 1641 903 1694 ;

234 1710 476 1786 quandoquidem
490 1712 568 1787 gigni
583 1712 689 1787 pariter
703 1713 868 1787 pariterque
882 1711 1019 1769 videmus

233 1819 365 1860 crescere
380 1811 418 1874 et,
433 1812 465 1860 ut
479 1802 577 1874 docui,
593 1803 677 1861 simul
691 1822 764 1860 aevo
778 1803 855 1860 sessa
868 1802 970 1861 fatisci.

275 1894 346 1950 Huc
361 1892 477 1950 accedit
490 1894 531 1950 uti
545 1894 707 1965 videamus,
722 1912 829 1968 corpus
844 1903 876 1950 ut
890 1894 987 1968 ipsum

234 1984 380 2059 suscipere
395 1983 519 2043 inmanis
533 1985 652 2043 morbos
667 1983 832 2059 durumque
847 1983 990 2056 dolorem,

234 2075 276 2132 sic
290 2075 419 2132 animum
433 2093 517 2133 curas
532 2076 605 2133 acris
620 2075 790 2149 luctumque
805 2085 998 2149 metumque;

234 2182 323 2240 quare
336 2165 508 2240 participem
522 2165 572 2224 leti
586 2183 705 2241 quoque
721 2166 859 2223 convenit
873 2182 947 2223 esse.

185 2282 188 2289 ·
234 2256 304 2331 quin
319 2256 406 2313 etiam
420 2256 528 2314 morbis
543 2256 573 2313 in
585 2256 716 2331 corporis
730 2256 811 2313 avius
825 2266 900 2313 errat

234 2364 322 2422 saepe
336 2347 449 2404 animus
460 2367 469 2419 3
490 2345 634 2405 dementit
649 2348 729 2404 enirn
742 2346 891 2419 deliraque
906 2346 981 2403 satur
1007 2396 1011 2405 ,
1143 2361 1146 2368 ’

234 2436 439 2512 interdumque
453 2437 532 2512 gravi
545 2437 677 2512 lethargo
691 2438 780 2495 fertur
793 2437 824 2494 in
837 2436 928 2494 altum

234 2539 445 2603 aeternumque
460 2546 597 2603 soporem
612 2529 704 2586 oculis
719 2537 850 2603 nutuque
865 2526 992 2599 cadenti,

234 2618 314 2677 unde
329 2637 426 2694 neque
442 2619 560 2679 exaudit
572 2638 661 2678 voces
676 2637 733 2677 nec
747 2636 870 2676 noscere
883 2618 979 2676 voltus

234 2710 348 2768 illomm
362 2712 439 2785 potis
454 2721 506 2782 est,
522 2711 561 2769 ad
575 2711 664 2769 vitam
679 2710 730 2785 qui
744 2717 916 2768 revocantes

234 2802 422 2859 circumstant
435 2802 559 2860 lacrimis
572 2810 704 2860 rorantes
717 2820 769 2859 ora
782 2816 939 2876 genasque.

234 2909 323 2966 quare
338 2892 468 2949 animum
483 2910 602 2966 quoque
617 2893 738 2952 dissolui
751 2893 857 2950 fateare
872 2897 1029 2958 necessest,
1090 2909 1140 2955 470

235 2981 475 3057 quandoquidem
490 2994 644 3057 penetrant
658 2985 688 3041 in
703 3002 771 3041 eum
786 2982 922 3055 contagia
935 2980 1028 3037 morbi
1040 2999 1049 3050 ;

234 3090 303 3130 nam
318 3071 403 3130 dolor
417 3091 451 3129 ac
466 3074 584 3131 morbus
600 3074 649 3131 leti
664 3073 819 3132 fabricator
833 3079 992 3145 uterquest,

235 3164 391 3221 multomm
406 3165 493 3221 exitio
507 3164 641 3239 perdocti
656 3163 739 3239 quod
753 3182 852 3221 sumus
867 3171 944 3220 ante.

234 3252 362 3330 denique
376 3273 460 3329 quor,
476 3254 626 3313 hominem
642 3273 711 3314 cum
725 3255 785 3312 vini
797 3254 841 3311 vis
855 3250 1016 3328 penetravit
1086 3254 1139 3315 476

233 3346 307 3403 acris
322 3346 395 3402 etin
409 3364 497 3403 venas
512 3345 644 3403 discessit
658 3344 768 3403 diditus
781 3343 877 3415 ardor,

235 3435 423 3510 consequitur
436 3436 558 3511 gravitas
573 3436 781 3506 membrorum,
796 3431 1026 3509 praepediuntur

235 3543 318 3583 crura
330 3526 485 3599 vacillanti,
500 3526 639 3585 tardescit
653 3526 761 3601 lingua,
776 3524 876 3583 madet
890 3541 983 3595 mens,

678 3622 694 3673 6
