2792 4025
268 288 327 351 132
600 284 833 339 LUCRETlUS
1099 284 1167 356 [IV.

179 486 190 505 .
262 447 402 523 languent
415 446 512 505 officia
525 455 614 521 atque
628 455 758 521 aegrotat
771 446 849 503 sama
861 445 1007 505 vacillans.

263 538 332 596 huic
346 538 425 595 lenta
439 548 468 595 et
482 538 603 613 pulchra
617 538 647 595 in
660 536 786 611 pedibus
801 538 936 612 Sicyonia
948 536 1045 595 rident
1107 554 1168 609 1125

263 628 375 686 scilicet
389 637 419 685 et
432 628 557 702 grandes
571 627 654 685 viridi
667 645 737 685 cum
751 627 817 685 luce
831 626 978 701 zmaragdi

263 737 334 777 auro
349 718 537 776 includuntur
551 719 709 791 teriturque
723 718 879 775 thalassina
892 718 980 776 vestis

263 808 386 866 adsidue
400 818 431 865 et
444 808 566 866 Veneris
580 807 718 866 sudorem
733 808 860 867 exercita
873 816 965 883 potat.

264 909 294 957 et
308 900 384 957 bene
397 909 480 973 parta
493 908 607 973 patrum
622 900 696 956 fiunt
710 898 893 968 anademata‚
909 899 1021 969 mitrae,

263 988 411 1047 interdum
425 989 455 1047 in
468 989 574 1063 pallam
588 998 677 1063 atque
687 989 837 1046 Alidensia
847 989 959 1063 Ciaque
968 996 1093 1046 vertunt.
1109 1002 1173 1057 1130

264 1079 371 1137 eximia
384 1089 465 1135 veste
479 1088 509 1136 et
522 1079 600 1135 victu
615 1079 756 1149 convivia,
772 1078 842 1149 ludi,

263 1169 372 1246 pocula
385 1169 496 1239 crebra,
511 1179 661 1243 unguenta
674 1186 802 1227 coronae
817 1176 893 1226 serta
906 1177 1051 1243 parantur,

264 1259 454 1333 nequiquam,
469 1260 610 1333 quoniam
625 1258 725 1316 medio
740 1258 778 1315 de
793 1260 873 1316 fonte
888 1259 1021 1333 leporum

264 1351 355 1424 surgit
368 1350 459 1407 amari
473 1350 574 1422 aliquit
587 1349 669 1422 quod
683 1350 714 1406 in
728 1350 797 1423 ipsis
811 1350 930 1407 floribus
943 1359 1039 1424 angat,

264 1451 315 1499 aut
329 1458 398 1496 cum
413 1440 549 1497 conscius
563 1440 626 1513 ipse
641 1440 755 1497 animus
770 1458 800 1497 se
815 1440 889 1497 forte
904 1439 1054 1499 remordet
1109 1456 1172 1511 ¹¹35

265 1529 412 1589 desidiose
427 1547 513 1604 agere
529 1540 655 1587 aetatem
669 1529 821 1604 lustrisque
836 1531 940 1605 perire,

265 1630 315 1679 aut
328 1618 411 1695 quod
425 1620 456 1677 iu
470 1620 608 1694 ambiguo
622 1620 743 1677 verbum
757 1620 881 1677 iaculata
894 1620 1009 1694 reliquit

265 1710 348 1786 quod
362 1708 473 1784 cupido
487 1709 618 1767 adfixum
631 1710 715 1767 cordi
726 1710 846 1767 vivescit
861 1720 893 1767 ut
907 1710 990 1785 igniS,

265 1810 316 1859 aut
329 1800 453 1858 nimium
467 1800 573 1857 iactare
589 1800 691 1858 oculos
706 1800 831 1857 aliumve
845 1801 919 1857 tueri

266 1890 348 1967 quod
362 1900 445 1965 putat
458 1890 489 1947 in
502 1891 642 1965 voltuque
655 1889 737 1947 videt
750 1891 870 1965 vestigia
883 1892 964 1949 risus.
1111 1910 1176 1957 1140

306 1982 403 2056 Atque
413 1981 442 2039 in
453 1999 552 2040 amore
562 1981 638 2038 mala
648 1980 722 2039 haec
729 1981 847 2056 proprio
859 1999 1031 2056 summeque
1043 1980 1176 2040 secundo

265 2073 469 2131 inveniuntur:
485 2073 517 2130 in
530 2071 653 2130 adverso
666 2090 736 2130 vero
750 2083 839 2147 atque
854 2073 936 2147 inopi
949 2083 1025 2144 sunt,

265 2162 410 2240 prendere
425 2180 501 2236 quae
515 2165 609 2237 possis
623 2162 775 2220 oculorum
790 2162 899 2219 lumine
914 2174 1026 2237 operto,

266 2253 507 2324 innumerabilia;
527 2262 561 2311 ut
575 2252 678 2310 melius
691 2253 808 2326 vigilare
823 2253 859 2309 sit
872 2262 949 2323 ante,

267 2362 326 2420 qua
339 2342 430 2402 docui
443 2344 565 2414 ratione,
581 2360 744 2416 cavereque
758 2360 795 2400 ne
810 2342 952 2401 inliciaris.
1110 2359 1179 2414 ¹145·

266 2453 336 2492 nam
350 2434 450 2504 vitare,
465 2434 565 2508 plagas
579 2434 609 2490 in
623 2433 731 2490 amoris
745 2450 782 2490 ne
798 2433 944 2503 iaciamur,

266 2524 382 2582 nonita
395 2522 512 2580 difficile
527 2532 572 2580 est
585 2540 675 2596 quam
689 2531 809 2596 captum
823 2522 931 2580 retibus
945 2523 1016 2597 ipsis

267 2614 347 2672 exire
360 2623 391 2671 et
404 2612 517 2671 validos
530 2613 653 2670 Veneris
667 2629 856 2686 perrumpere
870 2611 975 2670 nodos.

267 2714 298 2762 et
312 2713 412 2761 tamen
425 2703 582 2777 implicitus
597 2720 717 2776 quoque
731 2703 825 2776 possis
840 2702 929 2776 inque
943 2701 1061 2777 peditus

268 2794 395 2868 effugere
410 2793 558 2863 infestum,
572 2792 628 2850 nisi
642 2801 704 2849 tute
719 2792 771 2849 tibi
785 2792 889 2850 obvius
903 2793 1002 2851 obstes
1113 2810 1178 2863 1150

268 2893 298 2942 et
311 2883 524 2959 praetermittas
538 2882 629 2940 animi
642 2882 714 2940 vitia
727 2883 827 2939 omnia
840 2883 967 2956 primum

268 2983 319 3032 aut
332 2991 408 3048 quae
422 2972 547 3046 corpori’
562 2981 629 3030 sunt
642 2972 714 3042 eius,
729 2971 841 3046 siquam
856 2973 930 3046 petis
944 2991 978 3029 ac
992 2973 1043 3030 vis.

267 3083 340 3122 nam
353 3063 464 3120 faciunt
477 3061 612 3120 homines
625 3062 798 3136 plerumque
813 3062 950 3136 cupidine
965 3063 1047 3120 caeci

268 3163 299 3212 et
312 3153 441 3211 tribuunt
455 3170 492 3209 ea
504 3170 580 3227 quae
593 3170 655 3210 non
669 3161 736 3209 sunt
751 3151 794 3208 his
807 3151 967 3210 commoda
979 3170 1056 3210 vere.

267 3241 448 3302 multimodis
462 3242 548 3317 igitur
560 3260 664 3317 pravas
678 3231 829 3316 turpisque
844 3242 976 3300 videmus
1113 3263 1140 3300 rr
1145 3261 1158 3315 5
1162 3261 1177 3316 5

267 3351 332 3393 esse
347 3333 377 3390 in
392 3333 503 3390 deliciis
517 3349 692 3405 summoque
707 3331 737 3388 in
751 3331 862 3390 honore
875 3333 981 3408 vigere.
995 3358 997 3362 ·

266 3434 357 3500 atque
371 3424 442 3482 alios
455 3423 503 3480 alii
515 3422 643 3480 inrident
656 3422 860 3496 Veneremque
873 3422 997 3482 siiadent

266 3525 302 3575 ut
314 3514 442 3592 placent,
456 3513 597 3589 quoniam
611 3510 702 3570 foedo
716 3509 900 3570 adflictentur
913 3531 1022 3587 amore,
