2792 4025
219 298 289 369 vr]
460 301 516 353 ne
542 301 688 354 RERUM
716 302 888 356 NATURA
1065 292 1121 355 181

217 478 353 536 quaeque
367 462 428 537 geri
444 462 566 537 possint,
581 464 750 537 praesertim
764 464 850 523 rebus
864 465 894 522 in
909 464 963 525 illis
1091 472 1125 523 60

217 568 293 626 quae
307 570 413 627 supera
426 562 515 628 caput
529 554 663 612 aetheriis
678 563 838 614 ,cernuntur
851 555 881 612 in
895 555 963 629 oris,

216 659 313 700 rursus
327 642 358 700 in
371 643 505 717 antiquas
518 643 680 701 referuntur
692 644 838 719 religionis

217 739 247 789 et
262 730 398 791 dominos
413 733 487 791 acris
501 732 679 806 adsciscunt,
693 735 793 792 omnia
807 752 895 809 posse

216 838 292 895 quos
305 822 403 880 miseri
416 821 550 894 credunt,
566 823 656 898 ignari
670 824 742 898 quid
756 834 845 899 queat
859 843 933 897 esse,

216 909 289 986 quid
302 921 439 986 nequeat,
453 912 536 970 finita
548 923 678 988 potestas
692 913 821 989 denique
836 915 942 990 cuique
1090 924 1121 989 65

216 1018 344 1075 quanam
358 1002 394 1059 sit
407 1002 512 1060 rationi
525 1012 613 1077 atque
627 1004 684 1061 alte
699 1005 839 1062 terminus
853 1005 995 1079 haerens3

215 1109 276 1165 quo
291 1091 382 1167 magis
396 1102 525 1151 errantes
539 1111 629 1151 caeca
641 1095 753 1152 ratione
767 1094 905 1154 seruntur.

215 1199 291 1255 quae
305 1181 360 1239 nisi
373 1183 485 1257 respuis
499 1200 536 1241 ex
549 1184 648 1241 animo
661 1184 808 1259 longeque
822 1185 943 1245 remittis

217 1270 263 1329 dis
276 1270 398 1347 indigna
411 1282 514 1347 putare
528 1273 681 1348 alienaque
695 1275 783 1349 pacis·
791 1292 903 1348 eorum,

217 1360 344 1420 delibata
357 1361 448 1421 deum
462 1381 515 1438 per
528 1372 558 1421 te
572 1364 624 1421 tibi
638 1364 759 1421 numina
772 1374 874 1422 saneta
1092 1387 1124 1431 70

215 1470 305 1527 saepe
320 1452 463 1527 oberunt3
484 1471 546 1511 non
560 1471 621 1530 quo
633 1454 733 1512 violari
748 1473 862 1512 summa
876 1454 966 1514 deum
979 1455 1023 1514 vis

214 1543 316 1618 possit,
330 1552 363 1601 ut
376 1562 414 1602 ex
427 1544 469 1601 ira
482 1562 594 1619 poenas
608 1554 709 1619 petere
724 1543 837 1603 inbibat
851 1546 935 1619 acris,

215 1632 269 1691 sed
284 1634 353 1709 quia
366 1644 428 1693 tute
441 1635 494 1693 tibi
508 1634 625 1710 placida
638 1653 708 1693 cum
722 1653 796 1711 pace
811 1637 926 1711 quietos

215 1725 376 1782 constitues
390 1744 514 1800 magnos
528 1725 634 1783 irarum
648 1726 764 1785 volvere
778 1726 892 1798 fluctus,

214 1831 271 1871 nec
285 1814 407 1873 delubra
420 1814 509 1873 deum
523 1815 641 1892 placido
655 1835 724 1875 cum
738 1826 858 1891 pectore
873 1816 978 1879 adibis.
1091 1836 1120 1889 75

214 1922 271 1962 nec
286 1903 324 1962 de
339 1923 463 1980 corpore
478 1924 554 1981 quae
568 1915 671 1964 sancto
685 1907 838 1965 simulacra
851 1907 981 1965 semntur

216 1994 247 2053 in
261 2004 375 2054 mentes
389 1996 543 2054 hominum
557 1994 674 2055 divinae
687 1997 789 2056 nuntia
803 1998 922 2072 tonnae,

216 2085 363 2160 suscipere
378 2085 452 2144 haec
466 2087 555 2144 animi
569 2088 723 2161 tranquilla
737 2106 810 2163 pace
825 2088 942 2147 valebis

216 2175 286 2233 inde
299 2174 399 2233 videre
413 2176 482 2234 licet
496 2176 588 2251 qualis
602 2177 660 2234 iarn
674 2178 733 2234 vita
746 2187 892 2252 sequatur.

215 2283 305 2341 quam
319 2264 441 2341 quidem
454 2275 488 2325 ut
501 2284 520 2323 a
532 2266 618 2325 nobis
632 2266 705 2324 ratio
719 2267 867 2324 verissima
880 2269 968 2343 longe

215 2356 325 2428 reiciat,
341 2374 520 2433 quamquam
534 2365 602 2414 sunt
615 2375 633 2413 a
646 2375 694 2414 me
708 2358 799 2414 multa
812 2358 951 2432 profecta,

216 2447 307 2504 multa
319 2457 419 2505 tamen
433 2455 544 2505 restant
557 2456 587 2504 et
601 2457 669 2505 sunt
683 2446 815 2505 ornanda
829 2448 925 2522 politis

214 2537 363 2610 versibus;
381 2547 425 2596 est
438 2538 512 2596 ratio
526 2537 600 2596 caeli
614 2538 786 2613 speciesque
802 2537 940 2610 tenenda,

216 2638 283 2686 sunt
297 2637 485 2704 tempestates
502 2637 532 2688 et
545 2628 667 2686 fulmina
679 2629 756 2685 clara
769 2627 913 2700 canenda,

216 2717 288 2794 quid
301 2719 409 2778 saciant
422 2729 452 2778 et
462 2738 524 2795 qua
538 2718 576 2777 de
591 2737 680 2777 causa
693 2737 820 2793 cumque
834 2709 979 2779 serantur:

215 2827 254 2867 ne
268 2809 397 2886 trepides
411 2811 485 2868 caeli
499 2810 597 2869 divisis
611 2809 742 2886 partibus
756 2827 866 2880 amens,

216 2897 296 2958 unde
311 2902 410 2959 volans
424 2901 497 2976 ignis
511 2901 676 2976 pervenerit
690 2909 740 2958 aut
754 2900 784 2957 in
798 2909 891 2956 utram
906 2917 938 2956 se

216 2990 332 3048 verterit
345 2990 413 3048 hinc
428 2992 542 3065 partim,
557 3008 618 3065 quo
632 3000 721 3066 pacto
735 3008 789 3066 per
801 2990 866 3047 loca
880 2998 982 3064 saepta

216 3080 374 3151 insinuarit,
389 3090 419 3138 et
433 3081 501 3138 hinc
515 3079 683 3138 dominatus
697 3090 730 3138 ut
744 3080 876 3143 extulerit
891 3097 933 3138 se.

216 3180 247 3228 tu
262 3170 331 3227 mihi
346 3188 499 3245 supremae
514 3171 689 3245 praescribta
704 3169 743 3228 ad
757 3170 884 3229 candida
899 3170 988 3230 calcis

216 3260 342 3317 currenti
354 3261 478 3334 spatium
492 3270 700 3335 praemonstra,
714 3259 818 3318 callida
831 3279 916 3318 musa

217 3350 358 3425 Calliope,
373 3351 487 3424 requies
501 3350 653 3408 hominum
667 3349 825 3425 divomque
838 3351 982 3428 voluptas,

216 3449 246 3498 te
261 3438 336 3498 duce
351 3450 383 3497 ut
397 3441 502 3515 insigni
515 3440 630 3516 capiam
644 3460 712 3498 curn
726 3439 814 3498 laude
828 3459 980 3503 coronam.

258 3531 405 3608 Principio
419 3531 526 3590 tonitru
541 3532 709 3606 quatiuntur
722 3531 837 3589 caerula
850 3532 924 3590 caeli
