2792 4025
265 289 309 337 20
605 284 838 339 coenamus
1131 284 1170 355 [r.

264 447 356 506 ardua
370 446 442 504 dum
456 453 599 516 metuunt,
614 445 752 502 amittunt
765 463 834 502 vera
846 442 912 517 viai,
1049 521 1051 528 y

264 556 322 595 nec
336 556 448 596 rursum
463 545 586 594 cernunt
601 545 738 610 exempto
753 536 840 593 rebus
855 534 935 592 inani
1124 542 1175 594 660

265 629 366 687 omnia
379 627 495 686 denseri
508 627 629 701 fierique
641 644 678 684 ex
692 626 828 684 omnibus
842 645 935 683 unum

265 737 382 794 corpus,
397 718 438 775 nil
450 719 488 776 ab
502 736 534 776 se
548 716 631 793 quod
644 717 738 791 possit
751 715 865 774 mittere
879 717 1005 791 raptim;

265 810 381 867 aestifer
394 809 467 883 ignis
481 808 523 865 uti
537 808 637 865 lumen
650 807 719 865 iacit
732 816 821 881 atque
834 824 985 883 vaporem,
1048 823 1050 828 ·

266 909 298 957 ut
313 899 410 957 videas
424 917 486 957 non
500 916 516 955 e
532 898 643 974 stipatis
656 897 787 973 partibus
801 915 875 956 esse.

266 988 348 1065 quod
361 989 386 1047 si
400 990 473 1047 forte
488 988 545 1046 alia
558 986 682 1046 credunt
695 987 808 1046 ratione
822 995 941 1063 potesse
1124 993 1173 1059 665

266 1079 340 1155 ignis
355 1080 385 1137 in
398 1087 486 1137 coetu
501 1079 607 1153 stingui
620 1088 792 1152 mutareque
806 1096 924 1153 corpus,

266 1170 377 1229 scilicet
391 1188 429 1227 ex
442 1169 520 1228 nulla
534 1169 629 1226 iacere
643 1167 676 1225 id
690 1168 715 1225 si
728 1178 810 1242 parte
824 1177 988 1243 reparcent,

266 1259 385 1319 occidet
398 1259 438 1318 ad
450 1260 542 1317 nilum
553 1259 693 1317 ‘nimirum
708 1258 837 1317 funditus
851 1258 939 1318 ardor

266 1351 362 1409 omnis
377 1360 407 1408 et
421 1369 438 1408 e
451 1350 511 1408 nilo
525 1350 597 1407 fient
610 1367 816 1423 quaecumque
830 1359 972 1409 creantur.

266 1459 335 1499 nam
349 1440 557 1516 quodcumque
572 1439 631 1497 suis
644 1448 789 1496 mutatum
803 1439 909 1499 finibus
923 1441 991 1512 exit,
1125 1446 1175 1509 670

267 1532 409 1590 continuo
423 1530 481 1589 hoc
495 1548 573 1588 mors
588 1538 632 1587 est
645 1529 720 1587 illius
735 1528 818 1604 quod
831 1530 885 1587 fuit
898 1540 976 1591 ante.
1024 1573 1028 1579 -

267 1620 391 1698 proinde
406 1620 507 1695 aliquit
519 1636 656 1694 superare
670 1637 793 1677 necesse
808 1630 853 1679 est
865 1622 1014 1680 incolume
1028 1622 1100 1693 ollis,

204 1718 223 1780 ζ
267 1730 306 1771 ne
321 1712 373 1771 tibi
386 1730 433 1770 res
446 1709 569 1769 redeant
583 1709 622 1767 ad
635 1710 728 1768 nilum
742 1710 873 1769 funditus
887 1730 989 1771 omnes

189 1789 214 1880 ‚i
234 1846 236 1856 .
268 1802 307 1861 de
321 1802 440 1877 niloque
454 1809 555 1859 renata
567 1800 696 1876 vigescat
710 1802 798 1875 copia
809 1821 915 1859 rerum.

185 1885 218 1953 5
236 1893 241 1946 ¹.
267 1911 347 1952 nunc
361 1893 447 1969 igitur
460 1892 600 1967 quoniam
614 1892 776 1949 certissima
789 1911 913 1968 corpora
926 1892 1072 1977 quaedam
1125 1901 1172 1966 ⁶75

188 1955 217 2014 ὼ
241 1975 248 2066 l
268 1993 337 2043 sunt
350 2001 426 2059 quae
440 1992 615 2042 conservant
627 1992 762 2042 naturam
776 2002 893 2060 semper
907 1984 1041 2057 eandem,

269 2096 395 2153 quorum
408 2077 488 2136 abitu
502 2085 552 2134 aut
565 2074 646 2134 aditu
659 2086 833 2152 mutatoque
847 2077 951 2136 ordine
964 2088 1078 2137 mutant

268 2177 401 2226 naturam
414 2185 461 2226 res
474 2177 505 2225 ct
518 2176 692 2226 convertunt
706 2186 831 2243 corpora
844 2186 917 2240 sese,

268 2258 342 2317 scire
356 2259 425 2316 licet
438 2276 499 2316 non
513 2275 577 2316 esse
591 2258 665 2316 haec
680 2258 768 2334 ignea
781 2277 905 2334 corpora
917 2278 1023 2319 rerum.

267 2349 309 2408 nil
321 2349 440 2407 referret
453 2348 533 2406 enim
547 2347 696 2424 quaedam
710 2347 868 2422 decedere,
882 2349 972 2421 abire,
1125 2357 1175 2408 680

268 2449 356 2516 atque
370 2439 425 2497 alia
438 2438 574 2511 adtribui,
589 2440 755 2515 mutarique
770 2440 873 2499 ordine
887 2440 1043 2514 quaedam,

268 2530 293 2589 si
306 2541 404 2589 tamen
419 2529 530 2589 ardoris
541 2539 676 2588 naturam
690 2539 799 2589 cuncta
812 2540 962 2604 tenerent3

268 2621 343 2696 ignis
357 2621 437 2680 enim
450 2621 526 2680 foret
539 2619 718 2708 omnimodis
732 2620 941 2697 quodcumque
956 2631 1094 2680 crearent

267 2729 378 2784 verum,
389 2720 423 2770 ut
435 2711 551 2788 opinor,
565 2711 649 2770 itast:
672 2721 740 2769 sunt
754 2709 900 2786 quaedam
912 2731 1038 2787 corpora
1050 2730 1175 2786 quorum

269 2820 428 2861 concursus
441 2810 539 2861 motus
554 2800 628 2860 ordo
643 2802 773 2877 positura
786 2802 893 2878 figurae
1125 2809 1172 2873 685

268 2891 399 2951 efficiunt
412 2892 496 2968 ignis,
511 2901 682 2967 mutatoque
696 2891 800 2951 ordine
815 2901 927 2950 mutant

268 2992 402 3041 naturam
414 3000 513 3058 neque
528 2992 595 3041 sunt
609 2982 669 3058 igni
682 2982 816 3040 simulata
828 3000 925 3057 neque
938 2982 988 3041 ulli

268 3083 419 3149 praeterea
431 3073 474 3131 rei
488 3091 565 3149 quae
579 3092 705 3148 corpora
717 3074 831 3132 mittere
844 3073 936 3148 possit

268 3163 401 3222 sensibus
415 3172 446 3222 et
458 3175 574 3222 nostros
588 3162 705 3222 adiectu
718 3173 837 3239 tangere
850 3172 954 3222 tactus.

309 3254 417 3312 Dicere
431 3272 520 3329 porro
534 3255 633 3330 ignem
645 3273 692 3312 res
707 3254 802 3312 omnis
816 3271 880 3311 esse
894 3271 991 3328 neque
1005 3254 1094 3313 ullam
1123 3261 1174 3328 690

267 3363 330 3402 rem
344 3363 443 3402 veram
456 3345 487 3402 in
501 3363 623 3402 numero
637 3363 733 3402 rerum
747 3353 880 3402 constare
894 3343 949 3402 nisi
962 3344 1070 3420 ignem,

269 3434 351 3510 quod
364 3435 435 3493 facit
448 3435 496 3493 hic
510 3434 599 3505 idem,
614 3434 791 3509 perdelirum
806 3452 870 3492 esse
883 3433 1006 3496 videtur.

268 3543 338 3584 nam
351 3535 455 3585 contra
468 3543 570 3584 sensus
584 3526 622 3584 ab
635 3525 767 3584 sensibus
781 3525 843 3600 ipse
856 3535 998 3602 repugnat

458 3629 537 3652 *v
