2792 4025
276 244 336 322 198
605 257 838 311 tucnsrrus
1108 258 1178 328 [vr.

268 424 320 473 aut
335 414 424 473 alium
438 417 570 491 quemvis
583 417 678 474 morbi
692 434 747 491 per
760 416 891 475 membra
905 416 1059 476 dolorem?

268 507 447 581 opturgescit
461 508 540 563 enim
555 507 651 564 subito
665 525 729 583 pes,
744 508 842 582 arripit
856 526 924 565 acer

268 614 357 672 saepe
372 595 457 654 dolor
470 598 584 667 dentes,
599 599 701 655 oculos
717 597 826 655 invadit
840 599 870 655 in
886 599 976 674 ipsos,

268 687 363 745 existit
377 704 459 744 sacer
473 687 546 762 ignis
561 695 591 744 et
604 688 661 745 urit
675 706 798 762 corpore
814 706 933 763 serpens
1128 696 1179 747 660

267 795 484 852 quamcumque
498 778 617 853 arripuit
630 778 745 853 partim,
760 779 894 854 repitque
909 798 961 855 per
975 788 1062 852 artus,

266 868 402 926 nimirum
417 868 486 942 quia
499 878 567 925 sunt
581 868 736 925 multarum
750 869 863 927 semina
876 888 983 943 rerum,

266 967 297 1017 et
308 958 377 1016 satis
391 957 465 1016 haec
479 959 562 1017 tellus
576 960 661 1017 nobis
675 959 848 1035 caelumque
862 960 929 1018 mali
944 960 1008 1032 sert,

266 1047 345 1105 unde
359 1057 448 1122 queat
461 1049 503 1106 vis
517 1050 651 1108 immensi
665 1067 850 1124 procrescere
865 1051 968 1109 morbi.

266 1139 405 1214 sicigitur
418 1142 472 1197 toti
486 1140 569 1198 caelo
584 1151 736 1215 terraeque
751 1140 943 1215 putandumst
1125 1148 1175 1214 665

266 1248 304 1287 ex
317 1230 431 1287 infinito
446 1231 515 1288 satis
529 1232 630 1289 omnia
645 1231 844 1307 suppeditare,

265 1320 344 1377 unde
359 1330 479 1395 repente
494 1330 582 1395 queat
596 1322 679 1379 tellus
694 1340 842 1379 concussa
855 1322 965 1381 moveri

265 1428 377 1486 perque
393 1428 473 1467 mare
486 1429 522 1468 ac
537 1420 626 1470 terras
640 1411 759 1487 rapidus
772 1429 940 1488 percurrere
954 1413 1050 1484 turbo,

265 1501 340 1576 ignis
355 1502 504 1559 abundare
519 1504 675 1573 Aetnaeus,
691 1502 891 1560 flammescere
909 1503 1044 1575 caelum;

264 1591 297 1649 id
312 1610 431 1666 quoque
445 1592 525 1649 enim
539 1593 573 1650 fit
586 1603 616 1651 et
629 1592 787 1651 ardescunt
801 1593 937 1651 caelestia
952 1594 1070 1668 templa,
1124 1600 1176 1661 670

265 1692 295 1739 et
311 1692 499 1757 tempestates
513 1684 628 1758 pluviae
642 1684 772 1759 graviore
787 1694 891 1741 coortu

265 1782 341 1841 sunt,
357 1772 407 1830 ubi
422 1772 496 1830 sorte
511 1774 551 1830 ita
564 1792 595 1831 se
610 1774 767 1832 tetulerunt
781 1775 892 1831 semina
907 1792 1057 1848 aquarum.

265 1867 315 1921 ‘at
329 1865 416 1922 nimis
430 1874 474 1922 est
488 1866 590 1940 ingens
605 1866 725 1924 incendi
740 1866 871 1924 turbidus
885 1866 992 1926 ardor!

264 1955 375 2014 scilicet
389 1964 419 2014 et
433 1955 534 2014 fluvius
549 1956 641 2032 quivis
656 1967 700 2016 est
715 1957 858 2016 maximus
872 1957 901 2016 ei

264 2048 315 2122 qui
329 2065 390 2104 non
404 2057 472 2105 ante
486 2048 612 2122 aliquem
627 2050 767 2106 maiorem
782 2048 863 2120 vidit,
877 2058 908 2107 et
921 2049 1025 2124 ingens
1124 2057 1173 2124 ⁶75

264 2138 350 2196 arbor
363 2138 512 2213 homoque
527 2137 650 2210 videtur,
665 2150 695 2197 et
709 2140 808 2196 omnia
822 2139 861 2197 de
875 2157 982 2215 genere
997 2141 1079 2199 omni

264 2229 392 2287 maxima
405 2247 481 2304 quae
496 2228 567 2287 vidit
582 2230 715 2304 quisque,
730 2230 803 2287 haec
818 2230 946 2306 ingentia
961 2230 1052 2306 fingit,

264 2338 333 2377 cum
348 2328 447 2377 tamen
461 2321 560 2377 omnia
574 2339 642 2377 cum
657 2321 740 2377 caelo
755 2330 888 2395 terraque
904 2322 1034 2398 marique

264 2410 305 2467 nil
319 2410 376 2469 sint
389 2409 428 2468 ad
443 2429 586 2468 summam
601 2412 725 2468 summai
739 2411 827 2469 totius
842 2429 971 2469 onmem.

306 2502 395 2558 Nunc
410 2512 508 2559 tamen
524 2501 571 2558 illa
584 2500 681 2559 modis
696 2502 802 2576 quibus
816 2502 930 2559 inritata
943 2513 1065 2577 repente
1122 2509 1175 2561 680

265 2591 384 2649 flamma
397 2592 473 2650 foras
486 2593 572 2649 vastis
587 2594 698 2649 Aetnae
713 2592 878 2650 somacibus
893 2592 982 2665 efflet,

264 2682 429 2758 expediam.
444 2684 571 2758 primum
588 2684 675 2740 totius
689 2683 817 2740 subcava
831 2683 939 2740 montis

264 2782 308 2830 est
322 2783 432 2844 natura,
447 2773 506 2830 fere
521 2773 635 2830 silicum
650 2772 765 2830 suffulta
779 2773 921 2830 cavernis,

264 2863 400 2921 omnibus
415 2873 459 2920 est
473 2881 561 2938 porro
575 2863 605 2919 in
619 2863 766 2938 speluncis
779 2875 883 2920 ventus
899 2873 928 2920 et
942 2863 1010 2936 air3

262 2963 366 3011 ventus
381 2955 459 3011 euim
474 2954 515 3024 fit,
530 2953 580 3011 ubi
595 2963 639 3010 est
653 2951 792 3028 agitando
807 2954 934 3028 percitus
949 2954 1007 3012 aer.
1121 2961 1171 3027 685

262 3042 311 3101 hic
326 3044 376 3102 ubi
390 3044 530 3120 percaluit
545 3043 736 3117 calefecitque
752 3043 851 3100 omnia
865 3044 975 3101 circum

262 3154 331 3192 saxa
345 3135 451 3205 surenS,
466 3153 525 3209 qua
539 3134 690 3209 contingit,
706 3143 879 3208 terramque,
895 3145 924 3191 et
939 3134 975 3193 ab
990 3135 1053 3194 ollis

263 3227 389 3284 excussit
403 3225 531 3283 calidum
547 3225 669 3282 flammis
682 3224 832 3282 velocibus
847 3225 955 3299 ignem,

261 3317 335 3375 tollit
349 3334 381 3374 se
396 3334 431 3373 ac
445 3316 532 3372 rectis
546 3316 585 3372 ita
600 3314 732 3372 faucibus
747 3315 814 3373 eicit
829 3315 894 3373 alte.

262 3407 317 3464 fert
330 3406 427 3480 itaque
442 3404 577 3462 ardorem
591 3404 677 3478 longe
691 3404 838 3480 longeque
853 3405 977 3464 favillam
1120 3412 1172 3478 690
1223 3472 1229 3482 Ι

263 3494 361 3554 differt
374 3505 404 3554 et
417 3513 514 3552 crassa
527 3494 615 3552 volvit
629 3494 751 3568 caligine
767 3494 878 3552 sumum

1379 3333 1382 3440 l
