2792 4025
485 824 521 885 Τ.
543 823 735 888 LUORETI
763 825 867 888 cARI

370 1025 449 1101 DE
490 1027 699 1105 RERUM
738 1028 984 1105 NATURA

521 1250 644 1305 LIBER
667 1251 854 1337 SEXTUs

636 1408 738 1466 ’Y‘

224 1540 339 1599 PrImae
354 1540 513 1617 frugiparos
527 1541 602 1599 fetus
616 1539 786 1601 mortalibus
799 1541 892 1617 aegris

225 1630 395 1693 dididerunt
408 1631 558 1707 quondam
571 1632 721 1707 praeclaro
734 1633 855 1690 nomine
869 1632 1003 1693 Athenae

224 1731 255 1781 et
267 1731 469 1781 recreaverunt
481 1723 570 1781 vitam
583 1722 722 1797 legesque
735 1731 882 1799 rogarunt,

225 1821 256 1871 et
269 1814 380 1888 primae
394 1811 540 1871 dederunt
554 1812 662 1872 solacia
674 1812 771 1871 dulcia
785 1814 871 1885 vitae,
1108 1887 1111 1893 Ι

224 1921 293 1961 cnm
306 1920 432 1978 genuere
447 1903 540 1961 virum
554 1902 606 1961 tali
620 1921 688 1960 cum
703 1902 794 1961 corde
807 1913 965 1979 repertum,
1117 1923 1131 1975 5

227 1993 329 2052 omnia
340 1991 471 2052 veridico
485 1992 535 2068 qui
549 1992 700 2068 quondam
714 2011 751 2051 ex
765 2011 815 2051 ore
829 1993 959 2068 profudit
967 2015 977 2069 ,·

225 2084 308 2141 cuius
323 2091 353 2141 et
367 2082 488 2141 extincti
501 2091 621 2157 propter
634 2082 731 2140 divina
744 2093 860 2158 reperta

225 2172 372 2248 divolgata
384 2181 469 2230 vetus
482 2172 540 2229 iam
553 2171 593 2229 ad
607 2173 721 2229 caelum
735 2172 826 2248 gloria
838 2173 935 2233 fertur.

224 2281 295 2322 narn
309 2281 378 2321 cum
391 2261 465 2320 vidit
478 2260 526 2320 hic
540 2259 580 2319 ad
593 2262 703 2319 victum
718 2280 794 2336 quae
808 2262 917 2338 flagitat
930 2283 998 2323 usus

225 2353 327 2413 omnia
339 2353 398 2411 iam
411 2352 503 2410 ferme
516 2351 686 2410 mortalibus
701 2369 764 2410 esse
778 2361 881 2427 parata
1103 2375 1133 2411 ιο

225 2452 264 2516 et,
279 2461 421 2519 proquam
435 2451 543 2517 posset,
557 2441 647 2500 vitam
661 2442 820 2500 consistere
835 2450 940 2515 tutam,

225 2533 331 2593 divitiis
344 2533 479 2593 homines
493 2542 524 2591 et
537 2532 649 2590 honore
664 2540 694 2590 et
707 2530 795 2590 laude
809 2532 938 2607 potentis

225 2623 344 2683 affluere
358 2632 447 2698 atque
461 2623 541 2682 bona
553 2631 707 2698 gnatorum
721 2622 863 2680 excellere
878 2623 963 2694 sama,

225 2732 282 2773 nec
296 2715 392 2773 minus
405 2725 469 2772 esse
483 2711 566 2770 domi
579 2712 718 2788 cuiquam
731 2721 830 2770 tamen
844 2712 932 2770 anxia
944 2711 1042 2787 corda,

225 2814 313 2880 atque
327 2804 417 2862 animi
431 2803 548 2878 ingratis
562 2802 651 2860 vitam
665 2819 770 2860 vexare
785 2801 847 2860 sine
862 2802 920 2860 ulla
1104 2822 1131 2875 15

226 2912 318 2970 pausa
331 2904 419 2969 atque
433 2893 544 2951 infestis
557 2893 642 2968 cogei
655 2893 765 2950 saevire
779 2892 923 2968 querellis,

226 2983 367 3058 intellegit
379 2984 419 3042 ibi
432 2984 534 3041 vitium
547 3001 599 3041 vas
612 2981 729 3040 efficere
744 2982 840 3058 ipsum

226 3074 384 3149 omniaque
399 3073 472 3131 illius
485 3073 556 3131 vitio
570 3073 750 3146 corrumpier
763 3073 841 3131 intus

227 3182 302 3239 quae
317 3163 435 3221 conlata
448 3163 515 3221 foris
529 3172 560 3220 et
573 3161 733 3220 commoda
747 3179 874 3237 cumque
889 3163 1041 3235 venirent;

227 3253 332 3329 partim
346 3251 429 3328 quod
443 3252 552 3309 fluxum
565 3263 776 3327 pertusumque
791 3270 854 3310 esse
868 3251 998 3325 videbat,
1103 3273 1134 3307 20

226 3353 260 3402 ut
274 3343 352 3401 nulla
364 3352 465 3418 posset
478 3343 590 3400 ratione
605 3343 746 3417 explerier
760 3360 920 3416 umquam3

227 3435 333 3509 partim
347 3432 430 3509 quod
442 3441 536 3491 taetro
550 3433 633 3508 quasi
647 3449 843 3508 conspurcare
858 3448 963 3507 sapore

228 3525 330 3583 omnia
343 3523 492 3595 cernebat,
507 3540 712 3598 quaecumque
725 3531 885 3598 receperat,
900 3523 987 3581 intus.
