2792 4025
290 279 349 328 102
622 279 854 332 LUCRETIUS
1121 279 1188 350 [IV.

284 459 353 499 nam
368 458 420 497 cur
435 440 481 497 illa
495 439 602 498 cadant
615 439 707 514 magis
721 441 758 497 ab
770 440 916 514 rebusque
929 439 1070 499 recedant
1157 449 1189 514 ⁶5

284 549 373 607 quam
387 549 463 605 quae
478 531 574 588 tenvia
589 540 664 600 sunt,
680 530 838 588 hiscendist
853 531 932 588 nulla
945 542 1095 606 potestas3

284 621 452 697 praesertim
468 639 536 678 cum
551 622 608 678 sint
623 621 651 677 in
666 622 786 678 summis
800 640 924 696 corpora
936 623 1022 680 rebus

284 712 375 770 multa
388 712 508 782 minuta,
523 711 578 767 iaci
593 728 668 784 quae
683 711 794 785 possint
808 711 911 769 ordine
926 712 1033 771 eodem

283 820 343 877 quo
357 802 463 859 suerint
478 810 507 859 et
522 801 629 868 formai
638 819 751 858 servare
765 802 895 876 figuram,

284 901 313 950 et
327 892 418 950 multo
434 892 527 963 eitius,
543 900 653 965 quanto
668 893 765 949 minus
779 891 946 966 indupediri
1157 916 1189 964 70

283 999 378 1057 pauca
391 991 503 1057 queunt
517 992 546 1040 et
560 999 635 1056 quae
650 992 717 1039 sunt
729 983 822 1057 prima
835 983 928 1040 fronte
942 983 1046 1044 locata

283 1090 352 1130 nam
367 1083 445 1130 certe
460 1074 555 1130 iacere
569 1091 604 1130 ac
620 1073 713 1147 largiri
728 1073 818 1130 multa
831 1073 973 1148 videmus,

282 1181 344 1220 non
358 1164 452 1221 solum
467 1182 504 1220 ex
517 1164 575 1221 alto
590 1163 774 1238 penitusque,
789 1173 822 1220 ut
836 1163 961 1221 diximus
975 1174 1053 1237 ante,

281 1271 381 1310 verum
397 1253 434 1312 de
450 1254 570 1311 summis
585 1255 681 1328 ipsum
696 1271 815 1328 quoque
830 1272 918 1329 saepe
932 1255 1071 1314 colorem.

282 1351 311 1400 et
324 1343 410 1418 volgo
425 1343 534 1400 faciunt
548 1342 579 1400 id
594 1344 671 1401 lutea
684 1361 823 1417 russaque
837 1344 902 1401 vela
1155 1364 1185 1418 75

281 1442 310 1491 et
324 1432 476 1508 ferrugina,
491 1452 560 1490 eum
575 1434 687 1508 magnis
703 1434 814 1491 intenta
827 1434 944 1493 theatris

280 1541 333 1598 per
346 1524 437 1582 malos
451 1524 566 1598 volgata
580 1525 735 1600 trabesque
749 1526 904 1583 trementia
916 1526 1037 1598 llutant;

279 1631 406 1689 namque
422 1615 462 1672 ibi
476 1633 646 1673 consessum
660 1615 760 1673 caveai
774 1625 874 1690 supter
887 1624 916 1673 et
930 1634 1051 1674 omnem

279 1705 395 1762 scaenai
409 1705 547 1778 speciem,
562 1715 677 1780 patrum
692 1716 869 1782 coetumque
883 1704 1025 1765 decorum

279 1794 412 1851 inficiunt
426 1805 595 1870 coguntque
610 1814 663 1853 suo
678 1795 788 1854 fluitare
803 1797 911 1855 colore.
1151 1807 1185 1858 80

278 1893 308 1941 et
322 1894 432 1959 quanto
446 1885 556 1942 circum
570 1905 654 1960 mage
669 1895 736 1944 sunt
749 1887 862 1944 inclusa
874 1888 977 1945 theatri

278 1975 437 2046 moenibu',
453 1985 512 2033 tam
527 1976 618 2051 magis
633 1975 707 2035 haec
721 1977 798 2035 intus
812 1978 929 2053 perlusa
942 1978 1042 2054 lepore

277 2068 377 2124 omnia
391 2066 544 2124 conrident
559 2077 692 2141 correpta
704 2068 770 2127 luce
785 2068 853 2127 diei.

278 2173 346 2231 ergo
360 2157 450 2214 lintea
464 2156 501 2214 de
515 2176 631 2214 summo
646 2175 715 2215 cum
729 2177 852 2234 corpore
866 2160 966 2219 fucum

276 2247 403 2319 mittunt,
419 2248 527 2323 effigias
542 2266 661 2323 quoque
676 2248 786 2307 debent
800 2251 914 2308 mittere
929 2252 1021 2310 tenvis
1150 2260 1181 2324 85

276 2356 321 2395 res
337 2356 480 2413 quaeque,
496 2357 533 2395 ex
546 2358 662 2396 summo
677 2340 816 2414 quoniam
830 2341 990 2400 iaculantur
1003 2352 1134 2419 utraque

276 2438 344 2487 sunt
358 2429 442 2503 igitur
455 2429 512 2485 iam
529 2430 685 2487 formarum
700 2431 821 2505 vestigia
834 2442 914 2489 certa

276 2537 352 2593 quae
366 2520 452 2594 volgo
466 2520 587 2577 volitant
600 2521 698 2595 suptili
713 2521 846 2596 praedita
859 2523 909 2581 filo

275 2628 332 2667 nec
347 2610 510 2684 singillatim
524 2621 648 2685 possunt
662 2622 776 2669 secreta
788 2612 889 2671 videri.

275 2709 407 2775 praterea
421 2701 516 2758 omnis
531 2700 606 2758 odor
620 2702 715 2760 fumus
730 2721 821 2777 vapor
834 2713 922 2777 atque
937 2704 1010 2762 aliae
1023 2722 1069 2763 res
1149 2726 1182 2778 90

275 2791 441 2848 consimiles
455 2790 524 2849 ideo
540 2791 661 2850 diffusae
676 2811 692 2850 e
707 2793 793 2851 rebus
807 2792 969 2866 abundant,

275 2881 384 2939 exalto
399 2881 468 2956 quia
482 2880 553 2940 dum
568 2883 688 2940 veniunt
702 2883 874 2941 intrinsecus
889 2893 980 2956 ortae,

275 2971 446 3030 scinduntur
460 2990 513 3047 per
526 2973 580 3030 iter
593 2973 711 3045 flexum,
725 2992 782 3031 nec
797 2983 877 3031 reeta
891 2974 1002 3033 viarum

274 3063 349 3120 ostia
362 3071 429 3119 sunt
443 3081 502 3137 qua
516 3062 697 3120 contendant
711 3064 790 3120 exire
804 3072 933 3122 coortae.

274 3161 304 3211 at
318 3162 420 3211 contra
433 3154 529 3211 tenuis
543 3154 649 3211 summi
664 3152 835 3211 membrana
848 3154 954 3213 coloris
1148 3174 1180 3231 95

274 3262 342 3301 cum
357 3244 467 3315 iacitur,
481 3244 522 3300 nil
537 3253 580 3301 est
594 3242 675 3317 quod
689 3261 754 3300 eam
770 3243 935 3319 discerpere
949 3244 1051 3320 possit,

273 3334 304 3392 in
318 3345 455 3409 promptu
471 3335 610 3409 quoniam
625 3342 668 3391 est
682 3334 713 3390 in
726 3334 820 3409 prima
833 3336 927 3394 fronte
941 3336 1045 3395 locata

273 3435 423 3499 postremo
439 3424 564 3498 speculis
579 3424 608 3480 in
622 3441 698 3496 aqua
712 3423 928 3499 splendoreque
943 3426 974 3483 in
988 3426 1070 3486 omni

274 3530 478 3589 quaecumque
493 3522 635 3589 apparent
648 3513 734 3571 nobis
749 3514 911 3589 simulacra,
926 3525 1085 3591 necessest,
