2792 4025
228 268 279 342 v.]
468 268 524 321 na
551 267 697 323 nanum
726 267 900 321 NATURA
973 224 983 237 ⁸
1076 266 1133 337 175

228 431 358 507 undique
373 441 402 490 et
416 430 570 491 adversum
583 431 768 490 venientibus
782 449 834 490 ora
847 431 988 507 petebant

228 532 259 582 et
271 542 328 581 nec
342 523 488 598 opinantis
502 541 520 579 a
532 532 614 597 tergo
622 521 813 597 [deripiebant
1073 542 1135 593 1320

229 614 429 689 deplexaeque
444 612 554 672 dabant
569 614 598 670 in
612 622 718 671 terram
732 613 850 670 volnere
864 611 966 683 victos,

227 704 371 762 morsibus
385 703 497 761 adfixae
512 703 614 761 validis
629 714 718 777 atque
733 702 879 777 unguibus
893 704 985 763 uncis.
1067 726 1075 733 ·

228 794 433 869 iactabantque
447 812 515 851 suos
528 794 601 851 tauri
615 793 801 869 pedibusque
816 792 948 851 terebant

228 893 258 943 et
271 884 361 942 latera
373 902 408 941 ac
422 894 536 942 ventres
550 883 705 941 hauribant
719 892 818 957 supter
832 901 974 959 equorum

227 974 365 1032 cornibus
380 984 409 1032 et
422 984 529 1032 terram
542 973 689 1031 minitanti
705 972 798 1031 fronte
814 974 945 1033 ruebant.
1070 993 1132 1047 13²5

228 1074 258 1122 et
271 1064 373 1123 validis
386 1065 483 1122 socios
497 1063 663 1121 caedebant
677 1062 813 1123 dentibus
827 1065 888 1139 apri

228 1155 286 1213 tela
299 1155 420 1213 infracta
433 1172 486 1212 suo
500 1154 666 1229 tinguentes
680 1155 821 1229 sanguine
835 1154 923 1226 saevi,

228 1245 259 1302 in
272 1264 304 1303 se
317 1246 409 1302 fracta
421 1261 475 1303 suo
489 1244 654 1319 tinguentes
668 1245 809 1319 sanguine
824 1245 882 1303 tela

227 1336 445 1411 permixtasque
460 1333 569 1393 dabant
583 1335 714 1410 equiturn
729 1334 921 1409 peditumque
935 1334 1041 1393 ruinas.

227 1445 296 1484 nam
310 1436 471 1483 transversa
484 1425 560 1484 seros
574 1426 693 1483 exibant
707 1424 804 1483 dentis
818 1423 939 1483 adactus
1072 1444 1134 1496 1330

228 1517 359 1575 iumenta
371 1526 421 1575 aut
434 1515 560 1591 pedibus
574 1524 677 1573 ventos
692 1524 791 1573 erecta
804 1515 954 1589 petebant,

227 1608 417 1682 nequiquam,
432 1606 571 1683 quoniam
584 1606 623 1665 ab
635 1606 731 1663 nervis
745 1605 859 1663 succisa
873 1604 986 1664 videres

227 1697 385 1756 concidere
400 1707 488 1772 atque
502 1696 581 1773 gravi
595 1706 700 1754 terram
714 1705 901 1753 consternere
914 1714 993 1754 casu.

227 1788 327 1862 siquos
341 1797 408 1846 ante
423 1787 504 1846 domi
519 1786 646 1845 domitos
660 1787 730 1844 satis
745 1804 809 1843 esse
823 1786 974 1861 putabant,

228 1878 415 1936 effervescere
429 1878 589 1936 cernebant
601 1877 633 1935 in
646 1877 733 1935 rebus
747 1875 871 1951 agundis
1068 1892 1132 1950 1335

227 1969 392 2028 volneribus
406 1969 534 2027 clamore
548 1968 616 2043 fuga
629 1977 738 2026 terrore
752 1966 885 2038 tumultu,

228 2078 285 2118 nec
298 2067 434 2134 poterant
447 2059 534 2115 ullam
548 2067 661 2133 partem
674 2056 837 2117 redducere
852 2074 973 2129 eorum3

229 2149 398 2225 diffugiebat
412 2149 491 2208 enim
505 2148 615 2205 varium
629 2166 722 2223 genus
736 2165 826 2206 omne
840 2147 984 2219 ferarum;

228 2250 261 2298 ut
274 2257 354 2297 nunc
368 2256 457 2314 saepe
470 2239 561 2296 boves
575 2237 658 2294 lucae
672 2237 748 2294 serro
763 2237 839 2294 male
853 2247 966 2294 mactae

229 2330 391 2404 diffugiunt,
407 2328 467 2386 fera
480 2328 538 2386 fata
551 2327 610 2385 suis
624 2345 693 2384 cum
708 2327 799 2384 multa
812 2325 935 2384 dedere.
1072 2343 1135 2396 1340

230 2417 271 2498 [si
283 2420 336 2478 fuit
350 2429 382 2477 ut
395 2419 524 2476 facerent
538 2417 591 2475 sed
605 2417 653 2474 vix
667 2415 800 2474 adducor
813 2425 846 2473 ut
859 2425 928 2472 ante

228 2528 289 2568 non
303 2509 427 2585 quierint
441 2508 541 2566 animo
557 2506 735 2583 praesentire
749 2516 837 2580 atque
852 2504 951 2562 videre

228 2618 318 2676 quam
330 2617 488 2659 commune
503 2598 611 2656 malurn
625 2597 708 2655 fieret
722 2596 903 2671 foedumque
918 2594 1046 2652 futurum

229 2700 260 2750 et
272 2691 364 2766 magis
378 2689 409 2748 id
423 2688 517 2765 possis
531 2689 640 2746 factum
655 2686 836 2746 contendere
851 2686 882 2744 in
896 2685 979 2743 omni

228 2781 260 2840 in
272 2781 356 2839 variis
369 2779 487 2839 mundis
500 2779 578 2838 varia
591 2779 703 2835 ratione
718 2777 821 2835 creatis
1073 2792 1133 2844 1345

228 2890 318 2947 quam
332 2880 414 2929 certo
427 2879 515 2944 atque
529 2887 590 2928 uno
604 2879 743 2926 terrarum
757 2867 889 2941 quolibet
904 2863 983 2943 orbi]

229 2961 283 3021 sed
296 2962 391 3019 lacere
405 2961 436 3019 id
450 2979 511 3018 non
524 2968 584 3018 tam
598 2957 737 3016 vincendi
751 2974 803 3032 spe
818 2957 981 3027 voluerunt,

229 3071 318 3128 quam
332 3051 402 3109 dare
416 3050 498 3126 quod
512 3059 664 3125 gemerent
678 3048 787 3119 hosteS,
802 3047 915 3122 ipsique
930 3045 1034 3120 perire,

152 3163 155 3166 ·
229 3145 281 3218 qui
295 3160 417 3199 numero
431 3139 602 3198 diffidebant
615 3139 760 3213 armisque
774 3137 928 3196 vacabant.

271 3233 383 3290 Nexilis
397 3241 464 3289 ante
478 3231 531 3288 fuit
545 3230 632 3288 vestis
645 3247 734 3304 quam
749 3227 847 3286 textile
862 3237 990 3301 tegmen.
1074 3241 1136 3295 1350

229 3323 328 3382 textile
342 3331 410 3398 post
424 3322 566 3392 serrumst,
581 3321 651 3396 quia
664 3321 740 3377 ferro
755 3318 812 3376 tela
825 3327 961 3392 paratur,¹

187 3400 191 3406 ’
230 3432 287 3472 nec
300 3413 413 3470 ratione
428 3411 484 3468 alia
497 3420 620 3486 possunt
633 3420 694 3466 tarn
708 3409 782 3466 levia
795 3407 875 3483 gigni

230 3504 324 3563 insilia
336 3522 372 3560 ac
386 3502 442 3560 lusi
455 3501 527 3559 radii
542 3501 682 3576 scapique
696 3508 844 3558 sonantes.
