2792 4025
272 264 330 342 158
601 274 832 329 nuenarius
1119 274 1169 345 [v.

267 439 306 497 ad
320 440 450 515 speciem
464 441 549 498 vertit
562 439 647 498 nobis
660 438 821 513 oculosque
836 440 962 513 patentis
973 461 982 514 ;

266 530 336 588 inde
350 530 516 611 minutatim
529 540 608 587 retro
622 538 798 603 contorquet
812 538 842 586 et
856 531 949 587 aufert
1123 547 1170 601 725

266 621 416 678 luciferam
429 631 543 695 partem
555 619 773 695 glomeraminis
787 628 874 693 atque
890 620 956 694 pilai
968 640 977 692 ;

267 720 299 769 ut
313 711 493 786 Babylonica
506 709 688 768 Chaldaeum
703 708 838 767 doctrina
851 710 977 767 refutans

266 801 478 876 astrologorum
492 810 585 857 artem
598 812 702 857 contra
715 800 891 857 convincere
905 799 1006 873 tendit,

266 891 390 968 proinde
405 891 488 965 quasi
501 889 532 947 id
546 890 608 947 fieri
622 899 752 964 nequeat
766 888 848 963 quod
861 900 973 965 pugnat
987 901 1110 969 uterque

266 982 425 1041 autminus
439 981 498 1038 hoc
512 981 560 1038 illo
574 981 610 1038 sit
624 998 677 1038 cur
689 980 860 1055 amplectier
873 981 958 1039 ausis.
1123 1002 1171 1055 730

266 1071 394 1147 denique
409 1091 461 1129 cur
474 1080 603 1145 nequeat
616 1088 733 1145 semper
747 1088 823 1128 nova
837 1070 906 1127 luna
920 1072 1011 1131 creari

266 1162 368 1221 ordine
383 1163 540 1220 formarum
554 1170 635 1219 certo
650 1161 795 1235 certisque
809 1160 908 1235 figuris

266 1253 354 1328 inque
370 1253 432 1311 dies
447 1254 543 1328 privos
557 1252 682 1310 aborisci
696 1268 831 1327 quaeque
846 1261 944 1310 creata

266 1353 353 1419 atque
367 1344 423 1401 alia
435 1343 509 1400 illius
522 1342 647 1417 reparari
660 1342 692 1399 iu
706 1351 787 1416 parte
800 1342 936 1415 locoque,

266 1433 410 1491 difficilest
423 1434 534 1491 ratione
550 1432 657 1490 docere
672 1442 703 1489 et
716 1432 832 1489 vincere
846 1432 950 1504 verbiS,
1123 1451 1169 1505 735

266 1524 368 1584 ordine
383 1543 450 1581 curn
465 1524 578 1598 possint
592 1533 650 1580 tarn
668 1533 750 1580 certo
764 1522 855 1579 multa
868 1523 969 1581 creari.

266 1615 288 1673 it
300 1632 351 1673 ver
364 1624 394 1672 et
407 1615 516 1683 Venus,
531 1624 561 1671 et
573 1614 696 1670 Veneris
712 1612 900 1687 praenuntius
914 1622 982 1671 ante

265 1715 408 1781 pennatus
422 1703 558 1779 graditur,
572 1703 689 1778 zephyri
705 1702 824 1777 vestigia
837 1712 957 1778 propter

267 1796 352 1853 Flora
365 1795 470 1869 quibus
484 1803 576 1850 mater
589 1811 798 1869 praespargens
812 1803 880 1851 ante
895 1792 950 1850 viai
1166 1862 1169 1869 1

264 1895 372 1942 cuncta
385 1885 530 1942 coloribus
545 1884 666 1958 egregiis
681 1893 710 1941 et
725 1883 864 1941 odoribus
879 1883 989 1959 opplet.
1121 1903 1170 1952 740

264 1975 334 2035 inde
349 1975 406 2033 loci
420 1975 551 2050 sequitur
564 1974 644 2033 calor
657 1973 755 2032 aridus
770 1984 800 2032 et
813 1992 914 2032 comes
929 1990 988 2032 una

264 2066 463 2143 pulverulenta
477 2066 567 2126 Ceres
581 2075 610 2122 et
624 2065 714 2123 etesia
728 2065 817 2122 flabra
830 2065 1010 2140 aquilonum.

264 2156 333 2216 inde
347 2166 504 2213 autumnus
518 2155 587 2226 adit,
602 2155 731 2230 graditur
745 2155 831 2212 simul
845 2155 958 2212 Euhius
973 2155 1067 2214 Euan.

264 2247 334 2305 inde
347 2248 419 2305 aliae
433 2256 622 2320 tempestates
635 2245 773 2320 ventique
789 2254 934 2315 secuntur,

263 2339 418 2395 altitonans
432 2336 590 2394 Volturnus
604 2345 634 2394 et
647 2346 743 2394 auster
757 2335 877 2393 fulmine
891 2335 1012 2410 pollens.
1121 2351 1167 2406 745

262 2427 383 2486 tandem
398 2427 500 2484 bruma
513 2427 593 2484 nives
607 2426 702 2484 adfert
716 2426 888 2500 pigrumque
903 2425 1028 2499 rigorem

262 2518 379 2590 reddit3
397 2517 511 2591 hiemps
525 2517 655 2592 sequitur
668 2517 814 2591 crepitans
829 2515 904 2572 hanc
919 2514 1056 2572 dentibus
1070 2515 1145 2590 algu.

264 2626 324 2683 quo
340 2609 435 2665 minus
451 2617 495 2664 est
509 2607 615 2664 mirum
630 2607 654 2664 si
669 2616 750 2664 certo
766 2614 898 2680 tempore
913 2605 980 2662 luna

264 2699 389 2774 gignitur
402 2708 432 2755 et
446 2707 527 2755 certo
541 2697 655 2755 deletur
667 2706 802 2772 tempore
816 2714 909 2767 rusus,
937 2739 939 2742 -

264 2808 332 2846 cum
347 2789 408 2845 fieri
423 2788 536 2863 possint
550 2798 610 2845 tam
624 2797 705 2846 certo
719 2796 853 2861 tempore
868 2785 967 2844 multa.
1122 2802 1170 2856 750

303 2879 377 2938 Solis
392 2879 462 2936 item
477 2896 595 2952 quoque
610 2876 743 2936 defectus
757 2877 902 2951 lunaeque
917 2876 1040 2934 latebras

264 2969 394 3045 pluribus
408 2986 425 3026 e
440 2968 535 3024 causis
549 2967 611 3025 fieri
625 2967 677 3026 tibi
690 2985 779 3044 posse
794 2965 993 3042 putandumst.

264 3077 334 3118 nam
348 3077 400 3116 cur
413 3058 482 3115 luna
496 3067 585 3132 queat
599 3067 706 3116 terram
720 3057 872 3116 secludere
887 3057 956 3114 solis

264 3148 374 3208 lumine
389 3158 420 3206 et
433 3167 451 3206 a
465 3148 545 3206 terris
560 3148 650 3205 altum
664 3157 755 3222 caput
768 3147 917 3205 obstruere
933 3145 970 3219 ei,

264 3240 397 3299 obiciens
412 3258 534 3297 caecum
549 3239 638 3297 radiis
653 3238 823 3296 ardentibus
838 3237 959 3308 orbem;
1122 3253 1169 3308 755

263 3341 399 3406 tempore
413 3329 519 3388 eodem
534 3330 603 3387 aliut
616 3330 712 3386 facere
727 3327 758 3385 id
772 3347 833 3386 non
847 3344 933 3403 posse
947 3336 1065 3401 putetur

264 3439 372 3497 corpus
386 3420 468 3496 quod
482 3439 596 3477 cassum
610 3419 723 3477 labatur
736 3418 845 3475 lumine
860 3417 998 3492 semper?

265 3512 368 3588 solque
383 3529 452 3570 suos
466 3511 554 3568 etiam
568 3509 714 3567 dimittere
729 3507 881 3584 languidus
895 3507 970 3582 ignis
