2792 4025
227 251 279 323 V.]
469 250 525 304 DE
551 249 698 303 RERUM
726 249 897 305 NATURA
1073 254 1129 317 141

227 414 303 473 sicut
316 413 346 472 in
360 412 477 473 aethere
491 431 553 471 non
565 412 660 485 arbor,
675 431 737 471 non
753 432 882 489 aequore
897 414 973 473 salso

226 504 321 563 nubes
334 520 398 562 esse
413 513 525 578 queunt
537 522 636 577 neque
649 504 745 579 pisces
758 504 854 563 vivere
868 504 899 563 in
912 506 986 564 arvis

226 612 284 653 nec
298 612 385 651 cruor
397 594 428 651 in
440 593 525 668 liguis
538 611 635 668 neque
650 594 725 653 saxis
740 613 827 653 sucus
841 595 945 653 inesse.
1086 616 1132 668 130

226 694 339 742 certum
349 702 390 741 ac
404 682 606 759 dispositumst
620 684 669 743 nbi
684 685 816 760 quicquit
830 695 942 745 crescat
957 696 987 743 et
1000 686 1077 745 insit.

226 776 269 833 sic
282 774 372 833 animi
385 783 488 833 natura
500 775 604 849 nequit
616 775 679 835 sine
693 794 817 851 corpore
832 776 899 835 oriri

226 865 288 923 sola
300 883 398 940 neque
412 883 430 922 a
443 864 538 924 nervis
551 874 581 923 et
595 864 734 940 sanguine
749 866 873 941 longiter
887 884 961 925 esse.

225 955 307 1030 quod
322 956 346 1013 si
354 964 503 1030 -posset
517 955 597 1013 enim
609 957 702 1013 multo
716 956 795 1030 prius
806 988 846 999 -
856 957 920 1031 ipsa
933 956 1022 1015 animi
1035 956 1079 1015 vis

225 1046 256 1103 in
270 1046 365 1121 capite
379 1055 429 1104 aut
442 1046 549 1104 umeris
563 1055 613 1104 aut
626 1046 691 1105 imis
706 1046 837 1105 calcibus
849 1064 913 1105 esse
1085 1064 1130 1119 ¹35

224 1146 325 1212 posset
338 1146 369 1195 et
382 1136 494 1194 innasci
508 1136 609 1211 quavis
624 1136 654 1194 in
667 1145 760 1211 parte,
775 1137 882 1195 soleret

224 1226 345 1285 tandem
359 1227 389 1285 in
403 1225 511 1285 eodem
525 1226 645 1285 homine
660 1236 748 1302 atque
763 1227 793 1285 in
805 1225 912 1287 eodem
924 1243 992 1285 vase
1004 1243 1130 1285 manere.

225 1317 307 1393 quod
321 1318 461 1392 quoniam
473 1327 574 1399 nostro
588 1334 707 1391 qnoque
722 1326 837 1375 constat
850 1335 973 1391 corpore
989 1326 1102 1375 certum

225 1407 455 1483 dispositumque
470 1406 585 1465 videtur
598 1407 648 1465 ubi
662 1424 726 1465 esse
741 1416 771 1465 et
784 1425 915 1467 crescere
929 1408 1023 1482 possit

224 1516 355 1556 seorsum
366 1498 463 1555 anima
471 1506 558 1572 atque
568 1496 690 1568 animus,
697 1506 779 1555 tanto
789 1497 881 1572 magis
888 1495 1072 1555 infitiandum
1084 1517 1130 1565 140

224 1597 319 1646 totum
332 1606 420 1663 posse
433 1596 514 1645 extra
527 1605 634 1662 corpus
648 1587 830 1661 formamque
844 1588 1002 1647 animalem

224 1679 356 1755 putribus
369 1678 400 1736 in
413 1677 505 1753 glebis
519 1687 658 1735 terrarum
672 1687 723 1735 aut
737 1678 805 1735 solis
819 1678 850 1737 in
864 1678 925 1753 igni

224 1778 275 1827 aut
288 1768 319 1826 in
333 1786 411 1843 aqua
424 1767 527 1826 durare
541 1776 592 1825 aut
604 1768 669 1826 altis
682 1768 807 1827 aetheris
821 1768 889 1827 oris,

224 1858 304 1918 haud
318 1860 403 1934 igitur
417 1868 552 1916 coustant
565 1856 665 1917 divino
680 1858 812 1933 praedita
825 1876 922 1932 sensu,

224 1947 466 2026 quandoquidem
480 1957 632 2024 nequeunt
644 1948 767 2007 vitaliter
780 1966 843 2005 esse
858 1949 993 2007 animata.
1086 1964 1130 2020 ¹45

161 2112 167 2121 .
265 2039 342 2098 Illud
356 2041 426 2097 item
441 2057 501 2097 non
516 2049 560 2097 est
574 2048 606 2098 ut
619 2039 714 2115 possis
729 2038 859 2112 credere,
874 2039 961 2098 sedes

224 2147 289 2189 esse
303 2131 394 2188 deum
407 2139 521 2193 sanctas
535 2130 566 2188 in
580 2129 682 2188 mundi
696 2130 825 2205 partibus
839 2129 912 2187 ullis.

223 2221 317 2279 tenvis
332 2221 412 2278 enim
424 2229 528 2278 natura
540 2219 631 2278 deum
645 2220 790 2294 longeque
805 2228 919 2278 remota

224 2311 356 2369 sensibus
370 2311 408 2370 ab
422 2311 527 2371 nostris
540 2310 630 2368 animi
643 2309 691 2367 vix
706 2318 803 2368 mente
817 2308 950 2380 videtu13
1006 2313 1010 2318 '

224 2419 300 2476 quae
314 2401 453 2476 quoniam
467 2419 608 2460 manuum
623 2409 734 2458 tactum
748 2399 864 2474 suffugit
878 2408 908 2456 et
921 2399 1022 2470 ictum,
1085 2417 1131 2468 ¹50

224 2492 321 2550 tactile
335 2491 376 2550 nil
389 2492 474 2550 nobis
489 2490 571 2567 quod
585 2491 621 2550 sit
635 2489 805 2564 contingere
820 2489 918 2547 debet.

224 2592 343 2658 tangere
357 2581 437 2640 enim
450 2599 512 2640 non
526 2582 589 2656 quit
603 2579 685 2655 quod
698 2579 779 2654 tangi
792 2597 853 2638 non
868 2579 936 2636 licet
950 2579 1055 2653 ipsum.

224 2691 314 2747 qnare
328 2673 417 2730 etiam
431 2671 517 2730 sedes
531 2689 649 2746 qnoque
665 2670 769 2728 nostris
783 2669 901 2729 sedibus
916 2687 980 2728 esse

225 2762 378 2821 dissimiles
392 2761 511 2830 debent,
526 2771 630 2820 tenues
644 2760 682 2819 de
697 2778 821 2836 corpore
836 2778 958 2833 eorum;

224 2871 301 2928 quae
314 2853 367 2911 tibi
380 2853 523 2928 posterius
537 2852 616 2927 largo
630 2869 765 2910 sermone
778 2851 921 2926 probabo,
1086 2867 1130 2921 1⁵5

225 2943 324 3001 dicere
337 2961 424 3019 porro
439 2943 593 3001 hominnm
607 2960 696 3001 causa
709 2941 834 3000 voluisse
848 2958 951 3016 parare

224 3034 404 3110 praeclaram
418 3033 521 3092 mundi
535 3042 668 3090 naturam
682 3041 896 3106 proptereaque

225 3124 408 3184 adlaudabile
422 3143 497 3201 opus
510 3123 611 3182 divom
625 3122 744 3192 laudare
759 3121 865 3180 decere

225 3225 434 3290 aeternumque
448 3223 550 3290 putare
564 3222 652 3288 atque
667 3212 821 3272 inmortale
836 3212 964 3270 futurum

224 3322 282 3365 nec
296 3306 339 3364 sas
354 3323 427 3376 esse,
443 3304 532 3362 deum
546 3303 630 3378 quod
643 3304 679 3361 sit
692 3303 806 3362 ratione
820 3312 934 3360 vetusta
1086 3303 1131 3358 160

225 3396 360 3472 gentibus
374 3395 509 3454 humanis
523 3393 675 3452 fundatum
690 3402 834 3468 perpetuo
849 3411 930 3465 aev0,

226 3486 378 3546 sollicitare
393 3487 451 3546 suis
466 3485 523 3549 ulla
535 3486 564 3544 vi
578 3503 615 3544 ex
629 3483 749 3544 sedibus
763 3500 905 3557 umquam
