2792 4025
275 248 299 313 6
611 261 842 317 LUCRETIUS

276 433 306 482 at
319 440 397 481 nunc
411 422 570 481 seminibus
584 422 652 497 quia
666 422 753 480 certis
768 439 904 496 quaeque
917 430 1061 493 creantur,

275 513 344 571 inde
359 514 504 571 enascitur
518 523 604 587 atque
619 531 683 571 oras
697 513 729 570 in
742 513 858 570 luminis
873 512 941 584 exit,

275 604 409 662 materies
424 604 474 661 ubi
488 603 562 661 inest
576 604 717 677 cuiusque
732 612 762 660 et
774 620 900 677 corpora
911 603 1024 677 prima;

274 704 362 768 atque
377 694 432 751 hac
446 711 476 751 re
491 702 642 766 nequeunt
655 711 692 749 ex
706 692 840 751 omnibus
854 693 953 750 omnia
966 693 1054 769 gigni,

275 783 357 858 quod
372 784 455 841 certis
470 784 500 841 in
514 783 601 841 rebus
616 783 691 840 inest
705 792 818 840 secreta
831 782 959 840 facultas.

248 889 250 895 ’
275 884 425 949 praeterea
438 892 491 931 cur
504 892 571 931 vere
585 891 691 943 rosam,
707 873 852 929 frumenta
866 873 971 945 calore,

274 965 348 1023 vites
362 974 502 1022 autumno
516 964 599 1022 fundi
613 962 755 1021 suadente
769 961 911 1033 videmus

275 1054 299 1113 si
312 1072 382 1125 non,
398 1064 476 1111 certa
491 1072 544 1113 suo
558 1055 626 1128 quia
640 1064 773 1129 tempore
788 1052 901 1111 semina
912 1070 1009 1110 rerum

248 1211 250 1217 Ι
275 1162 344 1201 curn
358 1144 569 1215 confluxerunt,
584 1145 685 1218 patefit
699 1142 910 1218 quodcumque
926 1152 1047 1215 creatur,

275 1234 346 1293 dum
361 1244 548 1310 tempestates
563 1234 670 1293 adsunt
684 1244 714 1292 et
727 1234 824 1292 vivida
837 1233 921 1291 tellus

274 1335 337 1383 tuto
351 1343 396 1383 res
411 1335 524 1383 teneras
539 1325 620 1383 effert
634 1326 664 1382 in
678 1326 794 1383 luminis
808 1326 894 1383 oras?

274 1414 356 1488 quod
370 1416 393 1472 si
407 1415 445 1473 de
459 1416 519 1473 nilo
533 1415 644 1486 fierent,
660 1416 756 1473 subito
770 1422 958 1473 exorerentur

273 1507 385 1579 incerto
399 1507 493 1580 spatio
508 1516 595 1580 atque
610 1506 710 1564 alienis
723 1506 852 1580 partibus
866 1504 943 1576 anni,

274 1596 383 1671 quippe
398 1596 448 1653 ubi
462 1597 540 1653 nulla
554 1597 649 1654 forent
662 1595 822 1670 primordia
835 1614 911 1669 quae
926 1594 1044 1670 genitali

273 1686 399 1744 concilio
414 1695 535 1760 possent
549 1687 640 1745 arceri
653 1696 786 1762 tempore
801 1687 912 1760 iniquo.

272 1794 330 1833 nec
344 1794 432 1850 porro
446 1776 587 1851 augendis
601 1776 687 1835 rebus
702 1777 797 1852 spatio
811 1777 884 1834 soret
898 1794 967 1833 usus

273 1867 391 1924 seminis
405 1866 444 1925 ad
458 1867 578 1938 coitum,
593 1867 617 1925 si
631 1885 648 1925 e
662 1868 723 1926 nilo
737 1885 868 1925 crescere
882 1876 1022 1941 possent;

272 1974 342 2014 nam
356 1957 458 2015 fierent
472 1957 591 2016 iuvenes
605 1958 702 2017 subito
717 1976 754 2016 ex
767 1958 917 2017 infantibu'
932 1958 1027 2032 parvis

273 2065 290 2104 e
305 2056 438 2122 terraque
453 2047 553 2106 exorta
566 2059 687 2124 repente
702 2050 818 2109 arbusta
832 2049 955 2106 salirent.

273 2155 399 2212 quorum
413 2138 453 2196 nil
466 2139 528 2196 fien'
542 2139 729 2197 manifestum
742 2149 795 2210 est,
810 2140 910 2198 omnia
923 2137 1043 2213 quando

272 2228 411 2304 paulatim
425 2238 567 2302 crescunt,
582 2238 615 2287 ut
628 2247 681 2304 par
694 2240 748 2301 est,
762 2231 874 2288 semine
889 2239 970 2287 certo

273 2327 495 2392 crescentesque
510 2337 601 2394 genus
615 2330 750 2393 servant;
770 2330 802 2378 ut
816 2338 937 2378 noscere
952 2318 1047 2395 possis
1134 2339 1180 2392 19⁰

273 2409 400 2482 quicque
415 2409 518 2466 suade
533 2410 653 2468 materia
665 2409 858 2484 grandescere
872 2411 977 2484 alique.

273 2498 331 2554 huc
345 2498 462 2562 accedit
476 2499 519 2556 uti
532 2499 595 2558 sine
609 2501 695 2557 certis
709 2501 848 2559 imbribus
863 2500 932 2558 anni

273 2588 413 2646 laetificos
427 2599 555 2662 nequeat
568 2589 643 2647 setus
658 2590 826 2648 submittere
841 2591 925 2648 tellus

273 2696 330 2736 nec
344 2696 431 2753 porro
446 2687 558 2737 secreta
571 2679 639 2738 cibo
654 2689 756 2737 natura
768 2681 949 2739 animantum

166 2777 171 2784 '
272 2786 434 2845 propagare
448 2787 540 2844 genus
554 2770 646 2844 possit
659 2770 806 2844 vitamque
820 2772 913 2843 tueri3

273 2868 306 2916 ut
319 2859 416 2934 potius
431 2859 527 2917 multis
541 2861 711 2918 communia
724 2878 848 2935 corpora
860 2861 948 2920 rebus

272 2950 365 3008 multa
377 2959 463 3025 putes
478 2961 552 3021 esse,
562 2959 596 3009 ut
609 2951 704 3009 verbis
719 2952 864 3008 elementa
876 2951 1019 3021 videmus,

273 3058 364 3116 quam
377 3041 439 3098 sine
453 3041 602 3116 principiis
616 3042 704 3099 ullam
717 3059 780 3098 rem
794 3042 916 3099 existere
930 3059 1026 3115 posse.

274 3130 403 3205 denique
417 3149 469 3187 cur
482 3130 616 3189 homines
631 3140 726 3188 tantos
740 3140 842 3188 natura
832 3149 955 3232 pararg

273 3239 335 3278 non
348 3221 453 3296 potuit,
468 3221 593 3295 pedibus
607 3222 657 3294 qui
671 3230 797 3295 pontum
810 3239 863 3296 per
876 3200 952 3278 vada
965 3229 1084 3296 possent
1132 3242 1179 3278 200

273 3311 393 3369 transire
408 3319 438 3368 et
452 3329 573 3386 magnos
587 3312 720 3369 manibus
735 3310 870 3369 divellere
885 3312 993 3371 montis

273 3402 423 3475 multaque
437 3401 564 3460 vivendo
577 3401 673 3459 vitalia
685 3402 801 3458 vincere
816 3402 919 3472 saecla,

274 3491 299 3551 si
313 3509 383 3565 non,
398 3493 533 3551 materies
547 3493 616 3568 quia
629 3493 716 3550 rebus
730 3490 845 3550 reddita
858 3502 963 3551 certast
