<?xml version="1.0" encoding="UTF-8"?>
<!DOCTYPE html PUBLIC "-//W3C//DTD XHTML 1.0 Transitional//EN"
    "http://www.w3.org/TR/xhtml1/DTD/xhtml1-transitional.dtd">
<html xmlns="http://www.w3.org/1999/xhtml" xml:lang="en" lang="en">
 <head>
  <title>
</title>
<meta http-equiv="Content-Type" content="text/html;charset=utf-8" />
  <meta name='ocr-system' content='tesseract 3.04.00' />
  <meta name='ocr-capabilities' content='ocr_page ocr_carea ocr_par ocr_line ocrx_word'/>
</head>
<body>
  <div class='ocr_page' id='page_1' title='image "./tlucreticarider01kelsgoog_0146.png"; bbox 0 0 2792 4025; ppageno 0'>
   <div class='ocr_carea' id='block_1_1' title="bbox 260 247 1162 328">
    <p class='ocr_par' dir='ltr' id='par_1_1' title="bbox 260 247 1162 328">
     <span class='ocr_line' id='line_1_1' title="bbox 260 247 1162 328; baseline 0.002 -18"><span class='ocrx_word' id='word_1_1' title='bbox 260 247 302 310; x_wconf 86' lang='lat'>82</span> <span class='ocrx_word' id='word_1_2' title='bbox 596 259 827 314; x_wconf 88' lang='lat' dir='ltr'><strong>LUCRETIUS</strong></span> <span class='ocrx_word' id='word_1_3' title='bbox 1089 257 1162 328; x_wconf 91' lang='lat' dir='ltr'>[Ill.</span> 
     </span>
    </p>
   </div>
   <div class='ocr_carea' id='block_1_2' title="bbox 200 417 1164 2381">
    <p class='ocr_par' dir='ltr' id='par_1_2' title="bbox 260 417 1164 766">
     <span class='ocr_line' id='line_1_2' title="bbox 260 417 1164 494; baseline 0 -16"><span class='ocrx_word' id='word_1_4' title='bbox 260 428 331 478; x_wconf 85' lang='lat' dir='ltr'>nant</span> <span class='ocrx_word' id='word_1_5' title='bbox 344 418 431 492; x_wconf 90' lang='lat' dir='ltr'>oculi,</span> <span class='ocrx_word' id='word_1_6' title='bbox 446 417 556 478; x_wconf 90' lang='lat' dir='ltr'>clamor</span> <span class='ocrx_word' id='word_1_7' title='bbox 569 418 710 494; x_wconf 88' lang='lat' dir='ltr'>singultus</span> <span class='ocrx_word' id='word_1_8' title='bbox 725 418 816 494; x_wconf 89' lang='lat' dir='ltr'>iurgia</span> <span class='ocrx_word' id='word_1_9' title='bbox 828 419 963 494; x_wconf 84' lang='lat' dir='ltr'>gliscunt,</span> <span class='ocrx_word' id='word_1_10' title='bbox 1114 428 1164 489; x_wconf 85' lang='lat'>480</span> 
     </span>
     <span class='ocr_line' id='line_1_3' title="bbox 260 509 1102 585; baseline 0.001 -17"><span class='ocrx_word' id='word_1_11' title='bbox 260 520 290 568; x_wconf 92' lang='lat' dir='ltr'>et</span> <span class='ocrx_word' id='word_1_12' title='bbox 304 510 361 568; x_wconf 91' lang='lat' dir='ltr'>iam</span> <span class='ocrx_word' id='word_1_13' title='bbox 377 521 474 568; x_wconf 88' lang='lat' dir='ltr'>cetera</span> <span class='ocrx_word' id='word_1_14' title='bbox 489 509 527 568; x_wconf 91' lang='lat' dir='ltr'>de</span> <span class='ocrx_word' id='word_1_15' title='bbox 542 528 648 585; x_wconf 85' lang='lat' dir='ltr'>genere</span> <span class='ocrx_word' id='word_1_16' title='bbox 663 510 722 568; x_wconf 91' lang='lat' dir='ltr'>hoe</span> <span class='ocrx_word' id='word_1_17' title='bbox 736 528 941 584; x_wconf 90' lang='lat' dir='ltr'>quaecumque</span> <span class='ocrx_word' id='word_1_18' title='bbox 956 520 1102 584; x_wconf 89' lang='lat' dir='ltr'>secuntur,</span> 
     </span>
     <span class='ocr_line' id='line_1_4' title="bbox 260 599 977 674; baseline 0 -16"><span class='ocrx_word' id='word_1_19' title='bbox 260 620 311 659; x_wconf 92' lang='lat' dir='ltr'>cur</span> <span class='ocrx_word' id='word_1_20' title='bbox 325 619 360 658; x_wconf 91' lang='lat' dir='ltr'>ea</span> <span class='ocrx_word' id='word_1_21' title='bbox 374 609 451 671; x_wconf 88' lang='lat' dir='ltr'>sunt,</span> <span class='ocrx_word' id='word_1_22' title='bbox 466 600 520 658; x_wconf 89' lang='lat' dir='ltr'>nisi</span> <span class='ocrx_word' id='word_1_23' title='bbox 536 599 617 674; x_wconf 93' lang='lat' dir='ltr'>quod</span> <span class='ocrx_word' id='word_1_24' title='bbox 631 618 753 658; x_wconf 90' lang='lat' dir='ltr'>vemens</span> <span class='ocrx_word' id='word_1_25' title='bbox 768 601 904 658; x_wconf 89' lang='lat' dir='ltr'>violentia</span> <span class='ocrx_word' id='word_1_26' title='bbox 917 602 977 658; x_wconf 90' lang='lat' dir='ltr'>vini</span> 
     </span>
     <span class='ocr_line' id='line_1_5' title="bbox 260 691 1024 766; baseline 0.001 -17"><span class='ocrx_word' id='word_1_27' title='bbox 260 692 434 750; x_wconf 90' lang='lat' dir='ltr'>conturbare</span> <span class='ocrx_word' id='word_1_28' title='bbox 448 691 576 748; x_wconf 87' lang='lat' dir='ltr'>animam</span> <span class='ocrx_word' id='word_1_29' title='bbox 591 692 743 749; x_wconf 88' lang='lat' dir='ltr'>consuevit</span> <span class='ocrx_word' id='word_1_30' title='bbox 756 709 879 765; x_wconf 90' lang='lat' dir='ltr'>corpore</span> <span class='ocrx_word' id='word_1_31' title='bbox 893 692 924 748; x_wconf 92' lang='lat' dir='ltr'>in</span> <span class='ocrx_word' id='word_1_32' title='bbox 938 692 1024 766; x_wconf 88' lang='lat' dir='ltr'>ipso?</span> 
     </span>
    </p>

    <p class='ocr_par' dir='ltr' id='par_1_3' title="bbox 259 781 1162 1038">
     <span class='ocr_line' id='line_1_6' title="bbox 260 781 1037 858; baseline 0.001 -18"><span class='ocrx_word' id='word_1_33' title='bbox 260 791 290 840; x_wconf 88' lang='lat' dir='ltr'>at</span> <span class='ocrx_word' id='word_1_34' title='bbox 303 800 508 857; x_wconf 91' lang='lat' dir='ltr'>quaecumque</span> <span class='ocrx_word' id='word_1_35' title='bbox 524 791 635 856; x_wconf 91' lang='lat' dir='ltr'>queunt</span> <span class='ocrx_word' id='word_1_36' title='bbox 650 782 816 840; x_wconf 86' lang='lat' dir='ltr'>conturbari</span> <span class='ocrx_word' id='word_1_37' title='bbox 831 781 920 858; x_wconf 92' lang='lat' dir='ltr'>inque</span> <span class='ocrx_word' id='word_1_38' title='bbox 934 782 1037 857; x_wconf 82' lang='lat' dir='ltr'>pediti,</span> 
     </span>
     <span class='ocr_line' id='line_1_7' title="bbox 260 871 1162 949; baseline 0 -19"><span class='ocrx_word' id='word_1_39' title='bbox 260 872 433 949; x_wconf 89' lang='lat' dir='ltr'>significant,</span> <span class='ocrx_word' id='word_1_40' title='bbox 448 872 536 948; x_wconf 91' lang='lat' dir='ltr'>paulo</span> <span class='ocrx_word' id='word_1_41' title='bbox 551 872 575 930; x_wconf 90' lang='lat' dir='ltr'>si</span> <span class='ocrx_word' id='word_1_42' title='bbox 590 871 689 930; x_wconf 90' lang='lat' dir='ltr'>durior</span> <span class='ocrx_word' id='word_1_43' title='bbox 703 872 853 930; x_wconf 89' lang='lat' dir='ltr'>insinuarit</span> <span class='ocrx_word' id='word_1_44' title='bbox 1114 881 1162 945; x_wconf 81' lang='lat'>485</span> 
     </span>
     <span class='ocr_line' id='line_1_8' title="bbox 259 964 942 1038; baseline 0.001 -17"><span class='ocrx_word' id='word_1_45' title='bbox 259 981 356 1036; x_wconf 88' lang='lat' dir='ltr'>causa,</span> <span class='ocrx_word' id='word_1_46' title='bbox 371 964 433 1022; x_wconf 87' lang='lat' dir='ltr'>fore</span> <span class='ocrx_word' id='word_1_47' title='bbox 448 972 479 1021; x_wconf 93' lang='lat' dir='ltr'>ut</span> <span class='ocrx_word' id='word_1_48' title='bbox 492 973 613 1038; x_wconf 90' lang='lat' dir='ltr'>pereant</span> <span class='ocrx_word' id='word_1_49' title='bbox 626 981 700 1021; x_wconf 91' lang='lat' dir='ltr'>aevo</span> <span class='ocrx_word' id='word_1_50' title='bbox 714 964 825 1038; x_wconf 90' lang='lat' dir='ltr'>privata</span> <span class='ocrx_word' id='word_1_51' title='bbox 837 964 942 1022; x_wconf 87' lang='lat' dir='ltr'>futuro.</span> 
     </span>
    </p>

    <p class='ocr_par' dir='ltr' id='par_1_4' title="bbox 200 1051 931 1129">
     <span class='ocr_line' id='line_1_9' title="bbox 200 1051 931 1129; baseline 0.003 -19"><span class='ocrx_word' id='word_1_52' title='bbox 200 1051 207 1065; x_wconf 73' lang='lat'>¹</span> <span class='ocrx_word' id='word_1_53' title='bbox 259 1055 433 1129; x_wconf 90' lang='lat' dir='ltr'>quinetiam</span> <span class='ocrx_word' id='word_1_54' title='bbox 447 1055 542 1112; x_wconf 90' lang='lat' dir='ltr'>subito</span> <span class='ocrx_word' id='word_1_55' title='bbox 556 1054 584 1112; x_wconf 93' lang='lat' dir='ltr'>vi</span> <span class='ocrx_word' id='word_1_56' title='bbox 598 1053 693 1111; x_wconf 90' lang='lat' dir='ltr'>morbi</span> <span class='ocrx_word' id='word_1_57' title='bbox 708 1071 797 1128; x_wconf 86' lang='lat' dir='ltr'>saepe</span> <span class='ocrx_word' id='word_1_58' title='bbox 812 1064 931 1112; x_wconf 90' lang='lat' dir='ltr'>coactus</span> 
     </span>
    </p>

    <p class='ocr_par' dir='ltr' id='par_1_5' title="bbox 259 1144 967 1220">
     <span class='ocr_line' id='line_1_10' title="bbox 259 1144 967 1220; baseline -0.001 -18"><span class='ocrx_word' id='word_1_59' title='bbox 259 1154 327 1202; x_wconf 89' lang='lat' dir='ltr'>ante</span> <span class='ocrx_word' id='word_1_60' title='bbox 341 1145 444 1204; x_wconf 89' lang='lat' dir='ltr'>oculos</span> <span class='ocrx_word' id='word_1_61' title='bbox 458 1145 559 1220; x_wconf 90' lang='lat' dir='ltr'>aliquis</span> <span class='ocrx_word' id='word_1_62' title='bbox 574 1155 697 1215; x_wconf 90' lang='lat' dir='ltr'>nostros,</span> <span class='ocrx_word' id='word_1_63' title='bbox 712 1153 745 1201; x_wconf 91' lang='lat' dir='ltr'>ut</span> <span class='ocrx_word' id='word_1_64' title='bbox 758 1144 884 1201; x_wconf 82' lang='lat' dir='ltr'><strong>fulminis</strong></span> <span class='ocrx_word' id='word_1_65' title='bbox 898 1145 967 1215; x_wconf 88' lang='lat' dir='ltr'>ictu,</span> 
     </span>
    </p>

    <p class='ocr_par' dir='ltr' id='par_1_6' title="bbox 258 1235 1161 1491">
     <span class='ocr_line' id='line_1_11' title="bbox 259 1235 1034 1311; baseline 0.001 -18"><span class='ocrx_word' id='word_1_66' title='bbox 259 1236 389 1294; x_wconf 91' lang='lat' dir='ltr'>concidit</span> <span class='ocrx_word' id='word_1_67' title='bbox 404 1246 433 1294; x_wconf 93' lang='lat' dir='ltr'>et</span> <span class='ocrx_word' id='word_1_68' title='bbox 447 1255 564 1311; x_wconf 83' lang='lat' dir='ltr'>spumas</span> <span class='ocrx_word' id='word_1_69' title='bbox 578 1237 645 1311; x_wconf 90' lang='lat' dir='ltr'>agit,</span> <span class='ocrx_word' id='word_1_70' title='bbox 660 1235 781 1310; x_wconf 84' lang='lat' dir='ltr'>ingemit</span> <span class='ocrx_word' id='word_1_71' title='bbox 795 1244 824 1292; x_wconf 93' lang='lat' dir='ltr'>et</span> <span class='ocrx_word' id='word_1_72' title='bbox 838 1235 934 1292; x_wconf 87' lang='lat' dir='ltr'>tremit</span> <span class='ocrx_word' id='word_1_73' title='bbox 947 1244 1034 1307; x_wconf 87' lang='lat' dir='ltr'>artus,</span> 
     </span>
     <span class='ocr_line' id='line_1_12' title="bbox 259 1325 1161 1402; baseline -0.002 -18"><span class='ocrx_word' id='word_1_74' title='bbox 259 1326 374 1402; x_wconf 86' lang='lat' dir='ltr'>desipit,</span> <span class='ocrx_word' id='word_1_75' title='bbox 389 1337 518 1384; x_wconf 84' lang='lat' dir='ltr'>extentat</span> <span class='ocrx_word' id='word_1_76' title='bbox 532 1346 645 1398; x_wconf 89' lang='lat' dir='ltr'>nervos,</span> <span class='ocrx_word' id='word_1_77' title='bbox 660 1335 819 1401; x_wconf 88' lang='lat' dir='ltr'>torquetur,</span> <span class='ocrx_word' id='word_1_78' title='bbox 835 1325 951 1383; x_wconf 88' lang='lat' dir='ltr'>anhelat</span> <span class='ocrx_word' id='word_1_79' title='bbox 1111 1348 1161 1399; x_wconf 86' lang='lat'>490</span> 
     </span>
     <span class='ocr_line' id='line_1_13' title="bbox 258 1415 973 1491; baseline 0 -17"><span class='ocrx_word' id='word_1_80' title='bbox 258 1416 466 1489; x_wconf 87' lang='lat' dir='ltr'>inconstanter,</span> <span class='ocrx_word' id='word_1_81' title='bbox 482 1418 555 1475; x_wconf 87' lang='lat' dir='ltr'>etin</span> <span class='ocrx_word' id='word_1_82' title='bbox 569 1416 706 1475; x_wconf 90' lang='lat' dir='ltr'>iactando</span> <span class='ocrx_word' id='word_1_83' title='bbox 722 1415 853 1474; x_wconf 89' lang='lat' dir='ltr'>membra</span> <span class='ocrx_word' id='word_1_84' title='bbox 866 1417 973 1491; x_wconf 85' lang='lat' dir='ltr'>fatigat.</span> 
     </span>
    </p>

    <p class='ocr_par' dir='ltr' id='par_1_7' title="bbox 258 1507 953 1582">
     <span class='ocr_line' id='line_1_14' title="bbox 258 1507 953 1582; baseline -0.001 -18"><span class='ocrx_word' id='word_1_85' title='bbox 258 1507 396 1565; x_wconf 89' lang='lat' dir='ltr'>nimirum</span> <span class='ocrx_word' id='word_1_86' title='bbox 410 1509 480 1582; x_wconf 89' lang='lat' dir='ltr'>quia</span> <span class='ocrx_word' id='word_1_87' title='bbox 492 1508 535 1566; x_wconf 92' lang='lat' dir='ltr'>vis</span> <span class='ocrx_word' id='word_1_88' title='bbox 550 1508 644 1565; x_wconf 89' lang='lat' dir='ltr'>morbi</span> <span class='ocrx_word' id='word_1_89' title='bbox 658 1507 796 1565; x_wconf 88' lang='lat' dir='ltr'>distracta</span> <span class='ocrx_word' id='word_1_90' title='bbox 810 1524 863 1580; x_wconf 92' lang='lat' dir='ltr'>per</span> <span class='ocrx_word' id='word_1_91' title='bbox 876 1516 953 1564; x_wconf 90' lang='lat' dir='ltr'>artus</span> 
     </span>
    </p>

    <p class='ocr_par' dir='ltr' id='par_1_8' title="bbox 257 1597 1122 1746">
     <span class='ocr_line' id='line_1_15' title="bbox 258 1597 1122 1673; baseline 0.002 -19"><span class='ocrx_word' id='word_1_92' title='bbox 258 1598 364 1669; x_wconf 89' lang='lat' dir='ltr'>turbat,</span> <span class='ocrx_word' id='word_1_93' title='bbox 378 1617 467 1673; x_wconf 87' lang='lat' dir='ltr'>agens</span> <span class='ocrx_word' id='word_1_94' title='bbox 481 1600 607 1656; x_wconf 87' lang='lat' dir='ltr'>animam</span> <span class='ocrx_word' id='word_1_95' title='bbox 623 1607 748 1673; x_wconf 88' lang='lat' dir='ltr'>spumat,</span> <span class='ocrx_word' id='word_1_96' title='bbox 763 1598 846 1672; x_wconf 87' lang='lat' dir='ltr'>quasi</span> <span class='ocrx_word' id='word_1_97' title='bbox 861 1597 891 1654; x_wconf 93' lang='lat' dir='ltr'>in</span> <span class='ocrx_word' id='word_1_98' title='bbox 905 1615 1032 1672; x_wconf 91' lang='lat' dir='ltr'>aequore</span> <span class='ocrx_word' id='word_1_99' title='bbox 1047 1597 1122 1656; x_wconf 90' lang='lat' dir='ltr'>salso</span> 
     </span>
     <span class='ocr_line' id='line_1_16' title="bbox 257 1687 949 1746; baseline 0.001 -1"><span class='ocrx_word' id='word_1_100' title='bbox 257 1697 412 1746; x_wconf 88' lang='lat' dir='ltr'>ventorum</span> <span class='ocrx_word' id='word_1_101' title='bbox 425 1688 527 1746; x_wconf 89' lang='lat' dir='ltr'>validis</span> <span class='ocrx_word' id='word_1_102' title='bbox 542 1689 706 1746; x_wconf 84' lang='lat' dir='ltr'>fervescunt</span> <span class='ocrx_word' id='word_1_103' title='bbox 719 1688 825 1746; x_wconf 90' lang='lat' dir='ltr'>viribus</span> <span class='ocrx_word' id='word_1_104' title='bbox 840 1687 949 1746; x_wconf 88' lang='lat' dir='ltr'>undae.</span> 
     </span>
    </p>

    <p class='ocr_par' dir='ltr' id='par_1_9' title="bbox 258 1777 1160 1943">
     <span class='ocr_line' id='line_1_17' title="bbox 258 1777 1160 1854; baseline 0 -18"><span class='ocrx_word' id='word_1_105' title='bbox 258 1779 426 1853; x_wconf 88' lang='lat' dir='ltr'>exprimitur</span> <span class='ocrx_word' id='word_1_106' title='bbox 439 1796 526 1854; x_wconf 88' lang='lat' dir='ltr'>porro</span> <span class='ocrx_word' id='word_1_107' title='bbox 541 1779 674 1854; x_wconf 87' lang='lat' dir='ltr'>gemitus,</span> <span class='ocrx_word' id='word_1_108' title='bbox 689 1779 758 1852; x_wconf 92' lang='lat' dir='ltr'>quia</span> <span class='ocrx_word' id='word_1_109' title='bbox 771 1778 903 1836; x_wconf 90' lang='lat' dir='ltr'>membra</span> <span class='ocrx_word' id='word_1_110' title='bbox 918 1777 1019 1836; x_wconf 88' lang='lat' dir='ltr'>dolore</span> <span class='ocrx_word' id='word_1_111' title='bbox 1112 1797 1160 1852; x_wconf 82' lang='lat'>495</span> 
     </span>
     <span class='ocr_line' id='line_1_18' title="bbox 258 1868 931 1943; baseline -0.003 -17"><span class='ocrx_word' id='word_1_112' title='bbox 258 1868 433 1927; x_wconf 87' lang='lat' dir='ltr'>adficiuntur</span> <span class='ocrx_word' id='word_1_113' title='bbox 447 1878 476 1926; x_wconf 91' lang='lat' dir='ltr'>et</span> <span class='ocrx_word' id='word_1_114' title='bbox 490 1869 612 1928; x_wconf 92' lang='lat' dir='ltr'>omnino</span> <span class='ocrx_word' id='word_1_115' title='bbox 627 1868 709 1943; x_wconf 89' lang='lat' dir='ltr'>quod</span> <span class='ocrx_word' id='word_1_116' title='bbox 724 1870 837 1926; x_wconf 90' lang='lat' dir='ltr'>semina</span> <span class='ocrx_word' id='word_1_117' title='bbox 849 1869 931 1926; x_wconf 91' lang='lat' dir='ltr'>vocis</span> 
     </span>
    </p>

    <p class='ocr_par' dir='ltr' id='par_1_10' title="bbox 259 1960 921 2036">
     <span class='ocr_line' id='line_1_19' title="bbox 259 1960 921 2036; baseline -0.002 -18"><span class='ocrx_word' id='word_1_118' title='bbox 259 1960 402 2018; x_wconf 88' lang='lat' dir='ltr'>eiciuntur</span> <span class='ocrx_word' id='word_1_119' title='bbox 417 1969 446 2018; x_wconf 89' lang='lat' dir='ltr'>et</span> <span class='ocrx_word' id='word_1_120' title='bbox 461 1977 512 2019; x_wconf 91' lang='lat' dir='ltr'>ore</span> <span class='ocrx_word' id='word_1_121' title='bbox 527 1960 601 2019; x_wconf 88' lang='lat' dir='ltr'>foras</span> <span class='ocrx_word' id='word_1_122' title='bbox 616 1960 777 2036; x_wconf 89' lang='lat' dir='ltr'>glomerata</span> <span class='ocrx_word' id='word_1_123' title='bbox 790 1960 921 2018; x_wconf 85' lang='lat' dir='ltr'>seruntur</span> 
     </span>
    </p>

    <p class='ocr_par' dir='ltr' id='par_1_11' title="bbox 258 2051 933 2126">
     <span class='ocr_line' id='line_1_20' title="bbox 258 2051 933 2126; baseline 0.001 -18"><span class='ocrx_word' id='word_1_124' title='bbox 258 2069 317 2126; x_wconf 88' lang='lat' dir='ltr'>qua</span> <span class='ocrx_word' id='word_1_125' title='bbox 331 2052 413 2125; x_wconf 85' lang='lat' dir='ltr'>quasi</span> <span class='ocrx_word' id='word_1_126' title='bbox 427 2061 605 2110; x_wconf 89' lang='lat' dir='ltr'>consuerunt</span> <span class='ocrx_word' id='word_1_127' title='bbox 619 2061 648 2109; x_wconf 93' lang='lat' dir='ltr'>et</span> <span class='ocrx_word' id='word_1_128' title='bbox 662 2061 730 2110; x_wconf 89' lang='lat' dir='ltr'>sunt</span> <span class='ocrx_word' id='word_1_129' title='bbox 744 2052 855 2108; x_wconf 94' lang='lat' dir='ltr'>munita</span> <span class='ocrx_word' id='word_1_130' title='bbox 868 2051 933 2109; x_wconf 87' lang='lat' dir='ltr'>viai.</span> 
     </span>
    </p>

    <p class='ocr_par' dir='ltr' id='par_1_12' title="bbox 258 2140 953 2217">
     <span class='ocr_line' id='line_1_21' title="bbox 258 2140 953 2217; baseline 0 -18"><span class='ocrx_word' id='word_1_131' title='bbox 258 2140 431 2217; x_wconf 89' lang='lat' dir='ltr'>desipientia</span> <span class='ocrx_word' id='word_1_132' title='bbox 444 2142 485 2215; x_wconf 89' lang='lat' dir='ltr'>fit,</span> <span class='ocrx_word' id='word_1_133' title='bbox 501 2143 570 2217; x_wconf 90' lang='lat' dir='ltr'>quia</span> <span class='ocrx_word' id='word_1_134' title='bbox 582 2142 624 2199; x_wconf 87' lang='lat' dir='ltr'>vis</span> <span class='ocrx_word' id='word_1_135' title='bbox 639 2142 728 2200; x_wconf 91' lang='lat' dir='ltr'>animi</span> <span class='ocrx_word' id='word_1_136' title='bbox 742 2150 830 2216; x_wconf 89' lang='lat' dir='ltr'>atque</span> <span class='ocrx_word' id='word_1_137' title='bbox 844 2141 953 2199; x_wconf 88' lang='lat' dir='ltr'>animai</span> 
     </span>
    </p>

    <p class='ocr_par' dir='ltr' id='par_1_13' title="bbox 257 2232 1162 2381">
     <span class='ocr_line' id='line_1_22' title="bbox 257 2232 1162 2305; baseline 0 -15"><span class='ocrx_word' id='word_1_138' title='bbox 257 2233 445 2291; x_wconf 90' lang='lat' dir='ltr'>conturbatur</span> <span class='ocrx_word' id='word_1_139' title='bbox 459 2243 497 2304; x_wconf 93' lang='lat' dir='ltr'>et,</span> <span class='ocrx_word' id='word_1_140' title='bbox 512 2242 544 2291; x_wconf 92' lang='lat' dir='ltr'>ut</span> <span class='ocrx_word' id='word_1_141' title='bbox 558 2233 656 2304; x_wconf 92' lang='lat' dir='ltr'>docui,</span> <span class='ocrx_word' id='word_1_142' title='bbox 672 2232 764 2290; x_wconf 90' lang='lat' dir='ltr'>divisa</span> <span class='ocrx_word' id='word_1_143' title='bbox 779 2250 910 2290; x_wconf 90' lang='lat' dir='ltr'>seorsum</span> <span class='ocrx_word' id='word_1_144' title='bbox 1113 2252 1162 2305; x_wconf 83' lang='lat'>500</span> 
     </span>
     <span class='ocr_line' id='line_1_23' title="bbox 258 2321 899 2381; baseline 0.002 -1"><span class='ocrx_word' id='word_1_145' title='bbox 258 2321 425 2381; x_wconf 85' lang='lat' dir='ltr'>disiectatur</span> <span class='ocrx_word' id='word_1_146' title='bbox 436 2323 544 2381; x_wconf 91' lang='lat' dir='ltr'>eodem</span> <span class='ocrx_word' id='word_1_147' title='bbox 558 2324 606 2381; x_wconf 90' lang='lat' dir='ltr'>illo</span> <span class='ocrx_word' id='word_1_148' title='bbox 621 2323 760 2381; x_wconf 89' lang='lat' dir='ltr'>distracta</span> <span class='ocrx_word' id='word_1_149' title='bbox 773 2341 899 2381; x_wconf 90' lang='lat' dir='ltr'>veneno.</span> 
     </span>
    </p>
   </div>
   <div class='ocr_carea' id='block_1_3' title="bbox 165 2413 949 2500">
    <p class='ocr_par' dir='ltr' id='par_1_14' title="bbox 165 2413 949 2500">
     <span class='ocr_line' id='line_1_24' title="bbox 165 2413 949 2500; baseline -0.001 -29"><span class='ocrx_word' id='word_1_150' title='bbox 165 2490 169 2500; x_wconf 29' lang='grc'>1</span> <span class='ocrx_word' id='word_1_151' title='bbox 257 2413 326 2471; x_wconf 92' lang='lat' dir='ltr'>inde</span> <span class='ocrx_word' id='word_1_152' title='bbox 341 2414 392 2471; x_wconf 93' lang='lat' dir='ltr'>ubi</span> <span class='ocrx_word' id='word_1_153' title='bbox 406 2414 462 2472; x_wconf 88' lang='lat' dir='ltr'>iam</span> <span class='ocrx_word' id='word_1_154' title='bbox 477 2414 571 2471; x_wconf 91' lang='lat' dir='ltr'>morbi</span> <span class='ocrx_word' id='word_1_155' title='bbox 587 2414 698 2472; x_wconf 88' lang='lat' dir='ltr'>reflexit</span> <span class='ocrx_word' id='word_1_156' title='bbox 714 2432 801 2471; x_wconf 89' lang='lat' dir='ltr'>causa</span> <span class='ocrx_word' id='word_1_157' title='bbox 815 2413 949 2488; x_wconf 92' lang='lat' dir='ltr'>reditque</span> 
     </span>
    </p>
   </div>
   <div class='ocr_carea' id='block_1_4' title="bbox 256 2505 1162 3395">
    <p class='ocr_par' dir='ltr' id='par_1_15' title="bbox 257 2505 901 2580">
     <span class='ocr_line' id='line_1_25' title="bbox 257 2505 901 2580; baseline -0.002 -18"><span class='ocrx_word' id='word_1_158' title='bbox 257 2505 288 2563; x_wconf 91' lang='lat' dir='ltr'>in</span> <span class='ocrx_word' id='word_1_159' title='bbox 301 2505 424 2563; x_wconf 87' lang='lat' dir='ltr'>latebras</span> <span class='ocrx_word' id='word_1_160' title='bbox 439 2523 506 2562; x_wconf 90' lang='lat' dir='ltr'>acer</span> <span class='ocrx_word' id='word_1_161' title='bbox 520 2506 648 2580; x_wconf 85' lang='lat' dir='ltr'>corrupti</span> <span class='ocrx_word' id='word_1_162' title='bbox 662 2505 794 2579; x_wconf 89' lang='lat' dir='ltr'>corporis</span> <span class='ocrx_word' id='word_1_163' title='bbox 807 2523 901 2576; x_wconf 91' lang='lat' dir='ltr'>umor,</span> 
     </span>
    </p>

    <p class='ocr_par' dir='ltr' id='par_1_16' title="bbox 257 2595 1160 2852">
     <span class='ocr_line' id='line_1_26' title="bbox 258 2595 1041 2671; baseline 0.001 -18"><span class='ocrx_word' id='word_1_164' title='bbox 258 2606 320 2653; x_wconf 90' lang='lat' dir='ltr'>tum</span> <span class='ocrx_word' id='word_1_165' title='bbox 334 2596 416 2669; x_wconf 91' lang='lat' dir='ltr'>quasi</span> <span class='ocrx_word' id='word_1_166' title='bbox 430 2595 585 2653; x_wconf 85' lang='lat' dir='ltr'>vaccillans</span> <span class='ocrx_word' id='word_1_167' title='bbox 598 2596 726 2671; x_wconf 88' lang='lat' dir='ltr'>primum</span> <span class='ocrx_word' id='word_1_168' title='bbox 740 2596 889 2670; x_wconf 88' lang='lat' dir='ltr'>consurgit</span> <span class='ocrx_word' id='word_1_169' title='bbox 902 2605 932 2652; x_wconf 91' lang='lat' dir='ltr'>et</span> <span class='ocrx_word' id='word_1_170' title='bbox 945 2595 1041 2654; x_wconf 92' lang='lat' dir='ltr'>omnis</span> 
     </span>
     <span class='ocr_line' id='line_1_27' title="bbox 257 2685 1160 2762; baseline 0 -19"><span class='ocrx_word' id='word_1_171' title='bbox 257 2686 396 2762; x_wconf 90' lang='lat' dir='ltr'>paulatim</span> <span class='ocrx_word' id='word_1_172' title='bbox 410 2685 485 2743; x_wconf 89' lang='lat' dir='ltr'>redit</span> <span class='ocrx_word' id='word_1_173' title='bbox 500 2687 530 2744; x_wconf 92' lang='lat' dir='ltr'>in</span> <span class='ocrx_word' id='word_1_174' title='bbox 544 2704 645 2745; x_wconf 90' lang='lat' dir='ltr'>sensus</span> <span class='ocrx_word' id='word_1_175' title='bbox 660 2687 848 2760; x_wconf 89' lang='lat' dir='ltr'>animamque</span> <span class='ocrx_word' id='word_1_176' title='bbox 862 2697 1002 2760; x_wconf 89' lang='lat' dir='ltr'>receptat.</span> <span class='ocrx_word' id='word_1_177' title='bbox 1114 2705 1160 2758; x_wconf 83' lang='lat'>505</span> 
     </span>
     <span class='ocr_line' id='line_1_28' title="bbox 258 2776 980 2852; baseline 0.001 -19"><span class='ocrx_word' id='word_1_178' title='bbox 258 2776 332 2834; x_wconf 92' lang='lat' dir='ltr'>haec</span> <span class='ocrx_word' id='word_1_179' title='bbox 346 2777 432 2851; x_wconf 88' lang='lat' dir='ltr'>igitur</span> <span class='ocrx_word' id='word_1_180' title='bbox 445 2777 531 2834; x_wconf 91' lang='lat' dir='ltr'>tantis</span> <span class='ocrx_word' id='word_1_181' title='bbox 545 2778 595 2834; x_wconf 92' lang='lat' dir='ltr'>ubi</span> <span class='ocrx_word' id='word_1_182' title='bbox 609 2777 719 2835; x_wconf 91' lang='lat' dir='ltr'>morbis</span> <span class='ocrx_word' id='word_1_183' title='bbox 733 2794 856 2852; x_wconf 89' lang='lat' dir='ltr'>corpore</span> <span class='ocrx_word' id='word_1_184' title='bbox 871 2778 902 2834; x_wconf 91' lang='lat' dir='ltr'>in</span> <span class='ocrx_word' id='word_1_185' title='bbox 916 2778 980 2851; x_wconf 93' lang='lat' dir='ltr'>ipso</span> 
     </span>
    </p>

    <p class='ocr_par' dir='ltr' id='par_1_17' title="bbox 257 2866 1000 2941">
     <span class='ocr_line' id='line_1_29' title="bbox 257 2866 1000 2941; baseline -0.001 -16"><span class='ocrx_word' id='word_1_186' title='bbox 257 2868 401 2925; x_wconf 87' lang='lat' dir='ltr'>iactentur</span> <span class='ocrx_word' id='word_1_187' title='bbox 414 2867 583 2941; x_wconf 92' lang='lat' dir='ltr'>miserisque</span> <span class='ocrx_word' id='word_1_188' title='bbox 598 2867 693 2925; x_wconf 91' lang='lat' dir='ltr'>modis</span> <span class='ocrx_word' id='word_1_189' title='bbox 708 2866 846 2925; x_wconf 89' lang='lat' dir='ltr'>distracta</span> <span class='ocrx_word' id='word_1_190' title='bbox 859 2868 1000 2938; x_wconf 90' lang='lat' dir='ltr'>laborent,</span> 
     </span>
    </p>

    <p class='ocr_par' dir='ltr' id='par_1_18' title="bbox 258 2955 995 3033">
     <span class='ocr_line' id='line_1_30' title="bbox 258 2955 995 3033; baseline 0 -18"><span class='ocrx_word' id='word_1_191' title='bbox 258 2976 310 3015; x_wconf 90' lang='lat' dir='ltr'>cur</span> <span class='ocrx_word' id='word_1_192' title='bbox 324 2955 429 3015; x_wconf 87' lang='lat' dir='ltr'>eadem</span> <span class='ocrx_word' id='word_1_193' title='bbox 443 2956 538 3014; x_wconf 91' lang='lat' dir='ltr'>credis</span> <span class='ocrx_word' id='word_1_194' title='bbox 553 2958 614 3015; x_wconf 92' lang='lat' dir='ltr'>sine</span> <span class='ocrx_word' id='word_1_195' title='bbox 629 2976 752 3033; x_wconf 89' lang='lat' dir='ltr'>corpore</span> <span class='ocrx_word' id='word_1_196' title='bbox 766 2958 797 3015; x_wconf 92' lang='lat' dir='ltr'>in</span> <span class='ocrx_word' id='word_1_197' title='bbox 811 2958 878 3016; x_wconf 78' lang='lat' dir='ltr'>aiire</span> <span class='ocrx_word' id='word_1_198' title='bbox 892 2968 995 3033; x_wconf 89' lang='lat' dir='ltr'>aperto</span> 
     </span>
    </p>

    <p class='ocr_par' dir='ltr' id='par_1_19' title="bbox 257 3047 935 3123">
     <span class='ocr_line' id='line_1_31' title="bbox 257 3047 935 3123; baseline 0 -17"><span class='ocrx_word' id='word_1_199' title='bbox 257 3066 327 3106; x_wconf 91' lang='lat' dir='ltr'>cum</span> <span class='ocrx_word' id='word_1_200' title='bbox 341 3047 442 3105; x_wconf 89' lang='lat' dir='ltr'>validis</span> <span class='ocrx_word' id='word_1_201' title='bbox 456 3048 548 3106; x_wconf 89' lang='lat' dir='ltr'>ventis</span> <span class='ocrx_word' id='word_1_202' title='bbox 563 3058 688 3105; x_wconf 89' lang='lat' dir='ltr'>aetatem</span> <span class='ocrx_word' id='word_1_203' title='bbox 704 3048 811 3123; x_wconf 90' lang='lat' dir='ltr'>degere</span> <span class='ocrx_word' id='word_1_204' title='bbox 825 3050 935 3123; x_wconf 87' lang='lat' dir='ltr'>posse?</span> 
     </span>
    </p>

    <p class='ocr_par' dir='ltr' id='par_1_20' title="bbox 256 3138 1162 3304">
     <span class='ocr_line' id='line_1_32' title="bbox 257 3138 1162 3213; baseline -0.002 -16"><span class='ocrx_word' id='word_1_205' title='bbox 257 3148 287 3197; x_wconf 88' lang='lat' dir='ltr'>et</span> <span class='ocrx_word' id='word_1_206' title='bbox 301 3138 440 3213; x_wconf 91' lang='lat' dir='ltr'>quoniam</span> <span class='ocrx_word' id='word_1_207' title='bbox 455 3147 585 3197; x_wconf 87' lang='lat' dir='ltr'>mentem</span> <span class='ocrx_word' id='word_1_208' title='bbox 600 3139 702 3210; x_wconf 88' lang='lat' dir='ltr'>sanari,</span> <span class='ocrx_word' id='word_1_209' title='bbox 717 3157 825 3213; x_wconf 91' lang='lat' dir='ltr'>corpus</span> <span class='ocrx_word' id='word_1_210' title='bbox 839 3148 870 3197; x_wconf 95' lang='lat' dir='ltr'>ut</span> <span class='ocrx_word' id='word_1_211' title='bbox 884 3156 1012 3213; x_wconf 88' lang='lat' dir='ltr'>aegrum,</span> <span class='ocrx_word' id='word_1_212' title='bbox 1114 3157 1162 3210; x_wconf 85' lang='lat'>510</span> 
     </span>
     <span class='ocr_line' id='line_1_33' title="bbox 256 3228 957 3304; baseline -0.003 -17"><span class='ocrx_word' id='word_1_213' title='bbox 256 3230 403 3287; x_wconf 90' lang='lat' dir='ltr'>cernimus</span> <span class='ocrx_word' id='word_1_214' title='bbox 417 3239 447 3287; x_wconf 92' lang='lat' dir='ltr'>et</span> <span class='ocrx_word' id='word_1_215' title='bbox 461 3229 538 3287; x_wconf 90' lang='lat' dir='ltr'>flecti</span> <span class='ocrx_word' id='word_1_216' title='bbox 553 3228 701 3287; x_wconf 89' lang='lat' dir='ltr'>medicina</span> <span class='ocrx_word' id='word_1_217' title='bbox 714 3247 800 3304; x_wconf 90' lang='lat' dir='ltr'>posse</span> <span class='ocrx_word' id='word_1_218' title='bbox 815 3228 957 3300; x_wconf 90' lang='lat' dir='ltr'>videmus,</span> 
     </span>
    </p>

    <p class='ocr_par' dir='ltr' id='par_1_21' title="bbox 256 3318 1007 3395">
     <span class='ocr_line' id='line_1_34' title="bbox 256 3318 1007 3395; baseline 0 -18"><span class='ocrx_word' id='word_1_219' title='bbox 256 3318 288 3377; x_wconf 93' lang='lat' dir='ltr'>id</span> <span class='ocrx_word' id='word_1_220' title='bbox 303 3337 422 3394; x_wconf 91' lang='lat' dir='ltr'>quoque</span> <span class='ocrx_word' id='word_1_221' title='bbox 436 3320 579 3395; x_wconf 88' lang='lat' dir='ltr'>praesagit</span> <span class='ocrx_word' id='word_1_222' title='bbox 593 3319 744 3378; x_wconf 88' lang='lat' dir='ltr'>mortalem</span> <span class='ocrx_word' id='word_1_223' title='bbox 758 3320 854 3377; x_wconf 90' lang='lat' dir='ltr'>vivere</span> <span class='ocrx_word' id='word_1_224' title='bbox 868 3329 1007 3377; x_wconf 85' lang='lat' dir='ltr'>mentem.</span> 
     </span>
    </p>
   </div>
   <div class='ocr_carea' id='block_1_5' title="bbox 176 3409 1040 3485">
    <p class='ocr_par' dir='ltr' id='par_1_22' title="bbox 176 3409 1040 3485">
     <span class='ocr_line' id='line_1_35' title="bbox 176 3409 1040 3485; baseline 0 -17"><span class='ocrx_word' id='word_1_225' title='bbox 176 3428 180 3438; x_wconf 94' lang='lat'>·</span> <span class='ocrx_word' id='word_1_226' title='bbox 256 3409 367 3468; x_wconf 84' lang='lat' dir='ltr'>addere</span> <span class='ocrx_word' id='word_1_227' title='bbox 381 3411 460 3469; x_wconf 86' lang='lat' dir='ltr'>enirn</span> <span class='ocrx_word' id='word_1_228' title='bbox 474 3411 561 3485; x_wconf 90' lang='lat' dir='ltr'>partis</span> <span class='ocrx_word' id='word_1_229' title='bbox 576 3419 626 3467; x_wconf 89' lang='lat' dir='ltr'>aut</span> <span class='ocrx_word' id='word_1_230' title='bbox 639 3410 742 3467; x_wconf 92' lang='lat' dir='ltr'>ordine</span> <span class='ocrx_word' id='word_1_231' title='bbox 756 3411 894 3468; x_wconf 89' lang='lat' dir='ltr'>traiecere</span> <span class='ocrx_word' id='word_1_232' title='bbox 909 3419 1040 3468; x_wconf 87' lang='lat' dir='ltr'>aecumst</span> 
     </span>
    </p>
   </div>
   <div class='ocr_carea' id='block_1_6' title="bbox 257 3499 1037 3577">
    <p class='ocr_par' dir='ltr' id='par_1_23' title="bbox 257 3499 1037 3577">
     <span class='ocr_line' id='line_1_36' title="bbox 257 3499 1037 3577; baseline -0.004 -17"><span class='ocrx_word' id='word_1_233' title='bbox 257 3510 308 3560; x_wconf 90' lang='lat' dir='ltr'>aut</span> <span class='ocrx_word' id='word_1_234' title='bbox 321 3500 430 3576; x_wconf 88' lang='lat' dir='ltr'>aliquid</span> <span class='ocrx_word' id='word_1_235' title='bbox 443 3518 577 3577; x_wconf 88' lang='lat' dir='ltr'>prorsum</span> <span class='ocrx_word' id='word_1_236' title='bbox 590 3500 628 3558; x_wconf 95' lang='lat' dir='ltr'>de</span> <span class='ocrx_word' id='word_1_237' title='bbox 644 3517 758 3558; x_wconf 90' lang='lat' dir='ltr'>summa</span> <span class='ocrx_word' id='word_1_238' title='bbox 771 3499 923 3558; x_wconf 82' lang='lat' dir='ltr'>detrahere</span> <span class='ocrx_word' id='word_1_239' title='bbox 937 3500 1037 3572; x_wconf 89' lang='lat' dir='ltr'>hilum,</span> 
     </span>
    </p>
   </div>
   <div class='ocr_carea' id='block_1_7' title="bbox 0 0 1400 4025">
    <p class='ocr_par' dir='ltr' id='par_1_24' title="bbox 0 0 1400 4025">
     <span class='ocr_line' id='line_1_37' title="bbox 0 0 1400 4025; baseline 0 1"><span class='ocrx_word' id='word_1_240' title='bbox 0 0 1400 4025; x_wconf 95' lang='lat' dir='ltr'> </span> 
     </span>
    </p>
   </div>
  </div>
 </body>
</html>
