2792 4025
237 287 304 358 ru]
460 287 514 340 nn
540 287 686 340 RERUM
714 287 886 341 NATURA
1083 291 1144 354 119

234 447 478 505 contractabiliter
491 447 588 506 caulas
602 448 708 505 intrare
722 448 819 522 palati,
1090 457 1141 507 660

234 547 264 594 at
277 547 380 596 contra
393 538 498 612 quibus
512 548 556 595 est
570 538 675 596 eadem
690 557 737 596 res
751 540 828 597 intus
841 539 959 611 acerba,

234 645 336 702 aspera
350 627 484 686 nimirum
498 638 652 703 penetrant
667 629 842 704 hamataque
857 630 968 688 fauces.

234 736 312 775 nunc
326 718 410 776 facile
424 728 468 776 est
482 736 519 775 ex
533 718 577 776 his
591 719 678 777 rebus
694 738 873 794 cognoscere
888 737 1033 796 quaeque

234 809 343 883 quippe
358 809 407 866 ubi
422 809 469 866 cui
483 809 568 867 febris
583 809 631 867 bili
646 819 802 884 superante
817 821 919 869 coorta
933 820 977 870 est

233 908 283 956 aut
297 898 352 955 alia
365 899 477 957 ratione
491 899 613 974 aliquast
626 899 668 957 vis
684 900 781 957 excita
795 901 898 972 morbi,
1014 887 1016 891 ¹
1089 906 1138 972 665

233 990 416 1064 perturbatur
429 989 469 1047 ibi
483 989 540 1046 iam
555 999 649 1047 totum
663 1007 771 1065 corpus
785 1000 815 1048 et
828 1009 933 1049 omnes

130 1149 133 1153 Ι
233 1089 451 1137 commutantur
465 1079 504 1137 ibi
518 1080 665 1154 positurae
680 1081 889 1156 principiorum
901 1101 910 1154 3

232 1169 265 1228 fit
279 1170 357 1245 prius
372 1169 410 1227 ad
424 1187 542 1228 sensum
555 1179 588 1227 ut
602 1188 678 1244 quae
693 1189 817 1246 corpora
831 1171 1048 1229 conveniebant

232 1278 311 1318 nunc
326 1279 387 1319 non
402 1260 587 1330 conveniant,
602 1270 632 1318 et
646 1271 743 1318 cetera
757 1262 813 1319 sint
827 1262 919 1336 magis
932 1272 1010 1335 apta,

233 1368 308 1426 quae
319 1361 470 1426 penetrata
480 1361 592 1426 queunt
602 1369 720 1409 sensum
731 1353 903 1427 progignere
912 1353 1051 1410 acerbum
1062 1371 1071 1425 3
1085 1358 1139 1426 670

232 1451 353 1516 utraque
368 1443 446 1500 enim
461 1442 572 1499 suntin
587 1442 679 1500 mellis
694 1443 855 1501 commixta
868 1459 991 1518 sapore3

232 1531 264 1590 id
277 1532 359 1606 quod
373 1533 430 1590 iarn
445 1550 550 1607 supera
563 1532 615 1591 tibi
630 1551 718 1608 saepe
732 1532 914 1591 ostendimus
926 1542 1005 1591 ante.
1080 1601 1087 1612 ι

274 1623 362 1680 Nunc
376 1641 430 1698 age
445 1641 505 1698 quo
519 1634 607 1699 pacto
622 1625 696 1682 naris
711 1623 843 1681 adiectus
857 1622 958 1681 odoris

232 1721 331 1788 tangat
345 1731 438 1789 agam.
453 1715 579 1788 primum
593 1731 639 1772 res
653 1714 758 1772 multas
772 1731 836 1771 esse
850 1721 1000 1771 necessest

231 1803 312 1862 unde
326 1803 418 1862 fluens
432 1804 528 1864 volvat
540 1804 634 1862 varius
649 1823 680 1863 se
696 1804 800 1862 fluctus
814 1803 951 1874 odorum,
1088 1808 1137 1873 ⁶⁷5

233 1903 263 1952 et
277 1894 364 1952 fluere
379 1904 409 1952 et
423 1895 497 1952 mitti
510 1895 598 1969 volgo
612 1896 766 1970 spargique
781 1893 993 1970 putandumst;

232 2002 334 2042 verum
348 1985 408 2043 aliis
423 1985 493 2043 alius
509 1984 599 2059 magis
613 1995 658 2043 est
671 1984 866 2043 animantibus
880 1993 965 2058 aptus

233 2075 377 2133 dissimilis
392 2086 510 2150 propter
524 2075 641 2132 formas.
655 2074 784 2150 ideoque
798 2093 851 2150 per
865 2093 948 2132 auras

233 2166 325 2223 mellis
339 2182 409 2239 apes
425 2166 555 2239 quamvis
569 2165 656 2239 longe
672 2164 819 2223 ducuntur
832 2164 935 2236 odore,

232 2256 404 2329 volturiique
420 2254 616 2313 cadaveribus,
631 2265 694 2312 turn
708 2256 775 2312 fissa
789 2255 913 2312 serarum
1089 2258 1140 2311 680

233 2348 340 2421 ungula
354 2364 414 2420 quo
429 2346 523 2403 tulerit
536 2363 666 2420 gressum
681 2345 822 2419 permissa
836 2362 942 2402 canum
956 2344 999 2402 vis

234 2437 324 2509 ducit,
339 2446 368 2494 et
383 2436 542 2493 humanum
558 2435 644 2511 longe
659 2437 817 2509 praesentit
831 2434 955 2493 odorem

233 2526 457 2585 Romulidarum
471 2526 545 2584 arcis
559 2536 686 2583 servator
700 2525 844 2582 candidus
858 2542 951 2585 anser.

233 2619 274 2677 sic
289 2618 350 2676 aliis
364 2618 435 2675 alius
449 2616 535 2675 nidor
549 2616 634 2674 datus
648 2615 687 2674 ad
702 2634 754 2673 sua
767 2633 916 2691 quemque

232 2709 339 2783 pabula
353 2708 434 2766 ducit
448 2717 478 2765 et
492 2726 510 2764 a
523 2716 616 2764 taetro
630 2706 738 2764 resilire
751 2724 867 2765 veneno
1088 2712 1137 2777 685

233 2799 320 2873 cogit,
336 2816 432 2872 eoque
446 2796 538 2855 modo
552 2806 701 2855 servantur
715 2797 810 2854 saecla
824 2798 956 2855 ferarum.

274 2889 335 2945 Hic
348 2888 424 2946 odor
437 2887 500 2962 ipse
515 2887 607 2962 igitur,
623 2887 700 2944 naris
714 2888 892 2961 quicumque
907 2886 1031 2958 lacessit,

233 2989 278 3038 est
291 2981 347 3038 alio
361 2990 393 3037 ut
407 2980 498 3055 possit
512 2980 639 3054 permitti
653 2980 768 3053 longius
782 2980 854 3036 alter
865 3000 875 3051 ;

233 3072 286 3131 sed
301 3082 399 3130 tamen
414 3072 492 3130 haud
506 3073 662 3147 quisquam
676 3082 737 3129 tarn
751 3072 839 3146 longe
854 3072 942 3128 fertur
956 3088 1059 3128 eorum

234 3180 321 3238 quam
337 3164 457 3234 sonitus,
467 3181 556 3237 quam
567 3180 633 3232 vox,
646 3163 731 3219 mitto
741 3162 800 3218 iam
813 3161 912 3219 dicere
927 3178 1016 3234 quam
1030 3178 1076 3217 res
1090 3166 1140 3232 690

233 3271 309 3329 quae
323 3254 427 3311 feriunt
441 3253 592 3310 oculorum
606 3252 683 3309 acies
698 3253 850 3326 visumque
864 3251 1018 3309 lacessunt.

234 3342 413 3402 errabundus
428 3342 507 3401 enim
521 3341 603 3400 tarde
617 3342 697 3399 venit
711 3360 747 3399 ac
761 3342 836 3416 perit
850 3352 917 3398 ante

233 3434 372 3511 paulatim
386 3433 476 3491 facilis
491 3432 644 3491 distractus
658 3433 688 3489 in
703 3433 776 3492 a'e'ris
790 3450 894 3503 auras;

233 3523 344 3584 exalto
357 3524 484 3599 primum
499 3523 567 3598 quia
580 3522 628 3580 vix
642 3523 783 3579 emittitur
795 3539 834 3579 ex
845 3538 896 3579 re:
