2792 4025
221 301 275 372 tt]
457 300 512 352 DE
539 299 686 352 RERUM
714 300 886 354 NATURA
1078 287 1121 367 63

217 470 395 536 quapropter
407 459 511 518 merito
525 469 687 517 maternum
702 477 813 518 nomen
825 459 934 536 adepta
946 470 999 519 est

216 551 296 609 cedit
310 551 380 609 item
393 559 479 621 retro,
494 549 532 608 de
546 559 622 607 terra
635 548 717 624 quod
730 549 784 607 fuit
797 561 874 623 ante,

215 642 247 700 in
260 651 358 713 terras
373 650 404 700 et
416 639 498 715 quod
512 641 658 698 missumst
671 657 709 698 ex
721 639 845 698 aetheris
859 642 927 714 oris,
1058 661 1121 698 1000

215 731 248 790 id
261 750 372 790 rursum
384 731 457 788 caeli
470 730 601 788 rellatum
615 730 725 806 templa
737 741 898 806 receptant.

214 839 272 880 nec
286 822 328 880 sic
342 821 487 880 interemit
500 839 578 878 mors
591 839 637 879 res
651 831 684 880 ut
697 822 827 880 materiai

216 930 339 987 corpora
352 911 498 982 conficiat,
514 910 568 969 sed
581 921 700 970 coetum
714 911 845 987 dissupat
858 911 930 985 ollis,

215 1001 285 1059 inde
299 1003 360 1060 aliis
374 1001 453 1060 aliud
467 1002 636 1077 coniungit3
657 1011 687 1060 et
702 1002 762 1061 effit
775 1012 807 1061 ut
820 1021 924 1061 omnes

215 1110 261 1150 res
275 1092 316 1150 ita
328 1101 500 1151 convertant
513 1094 619 1151 formas
634 1103 806 1168 mutentque
820 1094 933 1151 colores
1055 1111 1117 1164 1005

216 1191 246 1240 et
259 1182 377 1258 capiant
390 1201 491 1241 sensus
506 1193 535 1240 et
548 1191 660 1258 puncto
674 1192 808 1258 tempore
821 1182 966 1256 reddant;

214 1282 248 1331 ut
260 1291 366 1332 noscas
380 1275 485 1332 referre
500 1273 605 1332 eadem
619 1273 779 1348 primordia
791 1291 888 1331 rerum

215 1381 284 1421 cum
298 1364 404 1439 quibus
418 1373 448 1422 et
462 1364 539 1439 quaii
553 1364 683 1439 positura
696 1364 903 1422 contineantur

215 1461 245 1512 et
259 1471 333 1529 quos
348 1455 423 1512 inter
436 1471 467 1512 se
483 1453 554 1512 dent
568 1463 665 1511 motus
680 1454 895 1528 accipiantque,

214 1561 288 1602 neve
302 1554 387 1620 putes
402 1553 520 1602 aeterna
534 1561 625 1619 penes
638 1544 765 1602 residere
780 1554 896 1619 potesse
1058 1563 1120 1600 1010

214 1653 339 1711 corpora
352 1637 445 1711 prima
458 1634 541 1711 quod
554 1635 584 1692 in
598 1635 719 1693 summis
733 1635 844 1692 fluitare
856 1634 991 1693 videmus

212 1725 299 1784 rebus
314 1736 343 1784 et
357 1725 503 1784 interdum
517 1725 599 1783 nasci
613 1725 769 1800 subitoque
783 1725 887 1800 perire.

213 1817 285 1890 quin
300 1818 387 1874 etiam
401 1817 487 1874 refert
501 1815 605 1874 nostris
619 1816 650 1874 in
663 1816 793 1874 versibus
806 1815 876 1890 ipsis

213 1924 280 1964 cum
296 1907 401 1982 quibus
416 1917 446 1966 et
459 1907 537 1983 quali
551 1906 608 1964 sint
622 1905 725 1963 ordine
740 1923 875 1980 quaeque
889 1905 996 1964 locata.

213 1997 310 2056 sinon
324 1998 423 2057 omnia
436 2006 512 2070 sunt,
526 2005 556 2055 at
570 1997 661 2055 multo
675 1997 804 2054 maxima
816 2015 883 2073 pars
897 2006 942 2056 est
1057 2019 1119 2065 1017

212 2088 389 2163 consimilis,
408 2107 510 2147 vemm
523 2088 653 2163 positura
667 2087 856 2162 discrepitant
869 2105 925 2146 res.

213 2177 254 2236 sic
268 2178 337 2254 ipsis
352 2180 382 2237 in
396 2180 482 2238 rebus
496 2179 566 2237 item
581 2177 638 2235 iam
653 2178 785 2236 materiai

213 2286 372 2327 concursus
387 2278 484 2328 motus
497 2270 572 2328 ordo
586 2269 717 2344 positura
729 2268 839 2343 figurae
1055 2289 1116 2325 1021

213 2376 282 2417 cum
296 2369 505 2436 permutantur,
520 2360 624 2417 mutari
637 2376 683 2416 res
697 2376 817 2434 quoque
831 2357 952 2416 debent.

257 2451 346 2509 Nunc
359 2452 489 2509 animum
503 2450 588 2508 nobis
602 2449 710 2507 adhibe
724 2467 822 2507 veram
837 2448 876 2506 ad
889 2448 1043 2509 rationem.

212 2562 282 2603 nam
295 2542 348 2600 tibi
361 2551 510 2600 vementer
523 2558 600 2598 nova
612 2558 658 2598 res
672 2540 789 2598 molitur
802 2538 842 2596 ad
856 2538 932 2596 auris

212 2632 356 2693 accedere
370 2642 400 2691 et
414 2650 490 2689 nova
504 2648 536 2690 se
550 2631 663 2705 species
678 2629 836 2688 ostendere
850 2646 957 2687 rerum.
1057 2652 1118 2704 1025

213 2725 267 2784 sed
280 2740 377 2798 neque
391 2731 452 2780 tam
466 2721 556 2779 facilis
569 2738 616 2779 res
628 2721 687 2778 ulla
701 2729 746 2778 est
759 2721 831 2795 quin
845 2719 1022 2795 caprimum

212 2815 337 2874 difficilis
352 2813 443 2888 magis
457 2812 496 2870 ad
510 2810 693 2869 credendum
707 2820 832 2883 constet,
846 2811 977 2885 itemque

212 2905 253 2964 nil
266 2904 344 2962 adeo
358 2921 495 2978 magnum
511 2920 608 2977 neque
623 2911 683 2958 tam
697 2902 827 2959 mirabile
841 2901 1011 2975 quicquam,

212 2992 295 3070 quod
309 3011 370 3051 non
383 2993 522 3068 paulatim
537 2992 652 3050 mittant
666 2992 795 3049 mirarier
809 3008 923 3049 omnes.

213 3084 354 3159 suspicito
367 3083 443 3141 coeli
456 3083 565 3140 clamm
578 3099 743 3157 purumque
757 3082 898 3152 colorem,
1055 3101 1120 3153 1030

213 3189 349 3251 quaeque
363 3172 394 3231 in
408 3190 440 3231 se
455 3172 584 3244 cohibet,
599 3172 727 3247 palantia
740 3170 836 3229 sidera
848 3170 967 3246 passim,

212 3267 372 3343 lunamque
387 3273 417 3323 et
430 3264 497 3323 solis
512 3263 659 3338 praeclara
672 3263 739 3319 luce
752 3262 878 3319 nitorem
888 3282 898 3334 3

213 3357 313 3416 omnia
326 3372 402 3431 quae
417 3371 495 3412 nunc
509 3354 533 3411 si
546 3353 673 3427 primum
687 3352 857 3409 mortalibus
872 3360 980 3423 essent,

214 3465 252 3505 ex
265 3445 412 3521 inproviso
427 3445 450 3502 si
464 3462 542 3501 nunc
556 3443 674 3501 obiecta
686 3451 817 3517 repente,

215 3535 287 3612 quid
302 3536 392 3611 magis
406 3535 450 3593 his
465 3535 550 3592 rebus
564 3541 678 3609 poterat
693 3532 824 3590 mirabile
838 3530 898 3589 dici
1057 3548 1118 3602 ¹035
