2792 4025
239 290 283 368 96
575 300 808 355 LUCRETIUS
1072 297 1145 369 [111.

239 482 296 523 nec
310 464 417 540 Tityon
432 462 564 522 volucres
579 463 680 526 ineunt
695 461 863 520 Acherunte
877 460 1023 520 iacentem

239 573 296 613 nec
311 554 393 630 quod
408 555 461 612 sub
476 573 583 629 magno
597 563 761 611 scrutentur
774 565 894 627 pectore
909 553 1068 628 quicquam
1098 559 1146 624 985

239 656 413 722 perpetuam
427 655 551 702 aetatem
566 654 690 720 possunt
703 644 829 718 reperire
844 644 986 718 profecto.

240 739 401 814 quamlibet
415 738 535 795 immani
549 739 682 813 proiectu
697 737 827 811 corporis
842 746 945 806 exstet,

239 830 290 904 qui
305 848 365 887 non
379 828 441 886 sola
454 847 561 886 novem
576 828 714 904 dispessis
729 826 828 902 iugera
841 826 980 885 membris

240 920 380 994 optineat,
396 918 449 977 sed
464 919 514 993 qui
528 919 612 976 terrai
626 919 715 976 totius
728 918 842 989 orbern,

239 1029 301 1068 non
315 1020 413 1067 tamen
428 1020 578 1067 aeternum
592 1009 700 1085 poterit
713 1008 839 1083 perferre
854 1006 987 1066 dolorem
1098 1026 1149 1079 990

239 1118 296 1158 nec
310 1100 449 1175 praebere
463 1100 563 1158 cibum
577 1099 696 1175 proprio
711 1098 750 1157 de
764 1115 888 1174 corpore
902 1115 1026 1173 semper.

240 1190 293 1248 sed
306 1191 412 1266 Tityos
426 1190 510 1249 nobis
525 1190 573 1247 hic
588 1199 640 1263 est,
655 1190 685 1248 in
699 1207 799 1248 amore
813 1189 959 1247 iacentem

240 1299 330 1356 quern
344 1281 476 1339 volucres
491 1281 618 1338 lacerant
631 1291 719 1355 atque
734 1290 816 1338 exest
830 1280 933 1338 anxius
947 1297 1038 1355 angor

239 1381 289 1429 aut
303 1372 358 1429 alia
372 1370 475 1446 quavis
489 1370 628 1429 scindunt
642 1369 811 1446 cuppedine
826 1389 923 1429 curae.

239 1463 378 1538 Sisyphus
391 1462 422 1520 in
435 1462 494 1519 vita
508 1479 625 1536 quoque
640 1462 725 1521 nobis
739 1473 807 1519 ante
822 1461 925 1520 oculos
940 1469 985 1519 est
1098 1477 1146 1532 995

240 1553 289 1627 qui
304 1562 403 1627 petere
418 1570 436 1609 a
449 1552 560 1628 populo
575 1553 667 1610 fasces
682 1570 841 1627 saevasque.
856 1570 974 1610 secures

239 1642 354 1701 imbibit
368 1652 398 1700 et
413 1660 528 1717 semper
541 1644 635 1701 victus
649 1644 795 1717 tristisque
810 1642 930 1701 recedit

239 1751 309 1790 nam
322 1743 422 1808 petere
437 1733 591 1807 imperium
606 1732 688 1809 quod
702 1735 817 1792 inanest
830 1751 887 1792 nec
901 1732 986 1792 datur
996 1749 1146 1807 umquam,

239 1833 327 1898 atque
341 1823 372 1880 in
386 1841 423 1881 eo
437 1841 553 1898 semper
566 1823 671 1882 durum
686 1824 791 1882 suffere
805 1823 945 1895 laborem,

239 1913 297 1972 hoc
312 1923 356 1972 est
369 1912 492 1972 adverso
507 1914 655 1972 nixantem
670 1913 788 1973 trudere
803 1925 904 1972 monte
1083 1933 1146 1969 1000

239 2023 341 2063 saxum
355 2003 437 2081 quod
451 2014 549 2063 tamen
563 2024 579 2063 e
594 2024 710 2064 summo
724 2005 783 2064 iarn
796 2007 904 2063 vertice
918 2024 1017 2075 rusum

238 2096 361 2154 volvitur
375 2104 404 2154 et
418 2096 496 2171 plani
509 2097 614 2171 raptim
628 2097 702 2171 petit
715 2114 844 2171 aequora
858 2097 965 2171 campi.

239 2185 347 2244 deinde
362 2186 450 2243 animi
464 2187 606 2262 ingratam
623 2197 755 2244 naturam
770 2205 890 2263 pascere
905 2205 1022 2262 semper

239 2287 326 2352 atque
342 2275 458 2351 explere
472 2277 556 2335 bonis
571 2277 659 2335 rebus
674 2278 837 2352 satiareque
851 2296 1022 2352 numquam,

239 2367 320 2442 quod
335 2367 443 2424 faciunt
458 2368 542 2425 nobis
556 2386 700 2426 annorum
715 2379 857 2443 tempora,
873 2369 983 2426 circum
1084 2385 1144 2437 1005

239 2476 307 2515 cum
321 2456 446 2515 redeunt
459 2458 593 2533 fetusque
607 2459 704 2518 ferunt
718 2460 871 2535 variosque
885 2460 1009 2534 lepores,

238 2566 295 2606 nec
309 2558 407 2605 tamen
421 2548 572 2623 explemur
584 2549 653 2607 vitai
666 2550 807 2609 fructibus
821 2568 971 2624 umquam,

238 2637 304 2710 hoc,
319 2648 350 2696 ut
364 2639 477 2713 opinor,
492 2638 523 2697 id
537 2650 591 2712 est,
607 2658 680 2698 aevo
696 2641 820 2699 florente
834 2641 945 2717 puellas

238 2728 320 2804 quod
334 2738 498 2787 memorant
511 2729 627 2787 laticem
641 2740 792 2805 pertusum
805 2748 963 2807 congerere
978 2731 1008 2788 in
1021 2748 1081 2800 vas,

238 2818 319 2895 quod
333 2828 432 2877 tamen
446 2819 556 2894 expleri
568 2821 647 2878 nulla
659 2822 771 2879 ratione
785 2832 925 2897 potestur.
1082 2842 1146 2878 1010

238 2909 382 2968 Cerberus
396 2919 426 2967 et
440 2909 529 2967 furiae
544 2910 604 2968 iam
616 2929 686 2969 vero
701 2921 731 2970 et
744 2912 818 2971 lucis
832 2923 954 2989 egestas,

236 3000 372 3057 Tartarus
386 2999 541 3059 horriferos
554 3010 688 3059 eructans
703 3003 835 3061 faucibus
849 3014 954 3074 aestus,

237 3090 288 3165 qui
302 3108 398 3165 neque
413 3100 481 3148 sunt
493 3109 618 3166 usquam
631 3110 688 3150 nec
702 3104 826 3169 possunt
840 3112 904 3151 esse
918 3092 1061 3169 profecto

237 3178 291 3237 sed
304 3190 399 3238 metus
414 3180 444 3238 in
457 3180 516 3239 vita
528 3199 688 3256 poenarum
703 3201 758 3257 pro
772 3183 847 3242 male
861 3184 943 3241 sactis

237 3278 282 3328 est
296 3270 455 3345 insignibus
469 3270 597 3346 insignis,
612 3272 787 3346 scelerisque
802 3272 895 3347 luella,
1082 3290 1142 3345 1015

237 3378 337 3418 carcer
349 3370 379 3418 et
393 3360 533 3420 horribilis
547 3361 585 3420 de
599 3381 669 3421 saxo
683 3362 772 3420 iactu’
786 3361 933 3433 deorsum,

235 3450 356 3509 verbera
370 3451 522 3510 carnifices
534 3453 623 3511 robur
635 3454 686 3529 pix
699 3453 839 3513 lammina
850 3457 954 3512 taedae
965 3476 973 3526 3

237 3558 313 3615 quae
328 3550 427 3599 tamen
442 3542 495 3600 etsi
509 3544 622 3617 absunt,
637 3555 667 3603 at
680 3564 765 3604 mens
779 3545 834 3604 sibi
847 3547 966 3603 conscia
980 3546 1063 3605 factis
