2792 4025
276 272 316 336 32
611 268 843 323 Lucnrrrus
1141 266 1180 340 [1.

171 477 173 482 .
273 449 330 490 nec
345 430 498 506 quisquam
512 430 595 490 locus
610 440 663 501 est,
678 448 740 506 quo
754 447 878 506 corpora
891 447 960 489 cum
974 439 1125 502 venerunt,

272 521 412 600 ponderis
425 522 531 580 amissa
543 522 572 579 vi
585 521 699 597 possint
712 530 787 579 stare
802 521 833 580 in
846 520 946 594 inani3

273 630 330 671 nec
345 612 426 688 quod
440 613 526 670 inane
541 622 639 670 autem
654 620 698 670 est
711 612 761 669 ulli
775 611 930 670 subsistere
944 611 1043 683 debet,

273 703 354 778 quin,
369 722 422 761 sua
435 702 517 778 quod
531 713 632 760 natura
645 703 727 778 petit,
742 701 908 760 concedere
921 712 1033 779 pergat.
1116 709 1180 759 1080

273 793 353 852 haud
367 794 452 869 igitur
465 803 588 868 possunt
601 793 651 851 tali
663 793 776 850 ratione
790 792 882 850 teneri

272 902 319 944 res
334 885 363 942 in
378 884 503 942 concilio
517 883 608 942 medii
622 883 790 959 cuppedine
804 884 908 941 victae.

315 977 468 1034 Praeterea
481 975 621 1049 quoniam
635 991 697 1032 non
710 974 811 1032 omnia
824 991 949 1049 corpora
961 973 1077 1050 fingunt

273 1064 304 1124 in
318 1063 451 1124 medium
464 1066 526 1136 niti,
542 1064 595 1123 sed
610 1074 749 1122 terrarum
763 1074 851 1139 atque
866 1065 994 1139 liquoris,

273 1166 304 1215 et
318 1156 400 1231 quasi
413 1165 529 1214 terreno
544 1173 619 1230 quae
633 1173 758 1230 corpore
773 1155 986 1228 contineantur,
1116 1161 1177 1227 ยน085

272 1265 407 1305 umorem
420 1247 504 1322 ponti
517 1263 697 1322 magnasque
713 1263 730 1304 e
744 1246 893 1305 montibus
906 1245 1010 1317 undas,

273 1347 304 1396 at
317 1347 419 1396 contra
431 1337 527 1396 tenuis
542 1346 695 1412 exponunt
709 1335 783 1394 atris
796 1354 880 1394 auras

273 1435 304 1487 et
316 1427 427 1486 calidos
442 1427 527 1486 simul
541 1446 558 1485 a
571 1426 671 1485 m'edio
685 1425 825 1485 differrier
837 1427 920 1502 ignis,

273 1527 361 1593 atque
376 1517 445 1576 ideo
456 1527 550 1576 totum
565 1519 675 1576 circum
692 1527 818 1576 tremere
831 1518 949 1575 aethera
962 1516 1050 1593 signis

273 1618 304 1668 et
317 1609 384 1668 solis
398 1609 546 1666 flammam
559 1626 613 1684 per
625 1608 700 1666 caeli
714 1607 829 1666 caerula
842 1608 933 1683 pasci,
1116 1628 1179 1681 1090

273 1699 357 1775 quod
370 1699 450 1757 calor
462 1717 481 1756 a
494 1698 594 1758 medio
609 1699 722 1774 fugiens
736 1716 768 1756 se
782 1698 823 1757 ibi
834 1699 961 1774 conligat
974 1698 1078 1771 omnis,

273 1807 331 1848 nec
344 1808 476 1866 prorsum
490 1789 640 1848 arboribus
654 1807 785 1847 summos
799 1788 984 1848 fiundescere
997 1807 1093 1848 ramos

273 1898 371 1959 posse,
385 1880 441 1938 nisi
454 1899 473 1938 a
485 1880 566 1939 terris
576 1880 717 1956 paulatim
730 1880 836 1955 cuique
851 1880 981 1938 cibatum

274 2722 313 2763 ne
326 2704 437 2762 volucri
451 2704 507 2762 ritu
521 2703 702 2762 flammarum
716 2706 836 2764 moenia
848 2704 951 2764 mundi

276 2794 427 2871 diffugiant
440 2794 537 2854 subito
552 2813 691 2871 magnum
705 2814 758 2871 per
771 2796 858 2855 inane
872 2798 967 2856 soluta

276 2895 306 2944 et
319 2903 357 2943 ne
372 2895 469 2944 cetera
482 2885 625 2945 consimili
639 2887 750 2945 ratione
765 2897 924 2962 sequantur

275 2994 350 3035 neve
364 2986 448 3034 ruant
461 2976 533 3035 caeli
548 2978 709 3054 penetralia
721 2978 831 3053 templa
844 2994 970 3053 superne
1117 2994 1179 3047 1105

276 3076 408 3142 terraque
423 3084 454 3125 se
468 3067 594 3143 pedibus
608 3069 714 3144 raptim
729 3068 874 3128 subducat
887 3076 918 3126 et
930 3067 1027 3126 omnis

275 3158 351 3216 inter
363 3159 521 3233 permixtas
535 3177 630 3217 rerum
644 3159 776 3233 caelique
789 3159 887 3217 ruinas

275 3266 400 3323 corpora
413 3249 558 3308 solventes
572 3249 657 3307 abeat
670 3267 724 3324 per
737 3250 824 3306 inane
838 3246 1025 3324 pmfundum,

274 3339 414 3414 temporis
428 3349 461 3397 ut
474 3348 585 3415 puncto
600 3337 640 3396 nil
653 3348 733 3396 extet
746 3338 930 3412 reliquiarum

275 3428 424 3488 desertum
437 3438 552 3505 praeter
566 3428 692 3503 spatium
706 3436 737 3485 et
749 3429 909 3503 primordia
922 3447 1020 3487 caeca.
1117 3448 1180 3484 rrro

274 3536 346 3579 nam
359 3535 546 3595 quacumque
559 3518 638 3593 prius
652 3517 690 3576 de
706 3517 779 3594 parti
793 3537 918 3595 corpora
930 3518 1016 3578 desse
