2792 4025
306 229 312 242 Ι

242 243 316 315 rii]
469 245 525 297 nn
551 246 697 298 ninum
725 248 896 302 NATURA
1102 245 1142 316 75

240 404 330 462 mixta
342 422 460 480 vapore,
474 423 565 481 vapor
578 423 666 480 porro
679 405 766 465 trahit
779 407 847 466 aera
860 427 970 469 secum.

240 514 296 553 nec
310 496 390 554 calor
403 507 447 555 est
461 497 624 571 quisquam,
639 498 687 555 cui
702 516 763 556 non
776 499 813 556 sit
826 499 932 558 mixtus
943 509 973 558 et
986 504 1054 574 aer;

239 604 302 643 rara
316 586 398 661 quod
413 588 474 645 eius
489 589 567 645 enirn
583 598 697 647 constat
711 599 824 661 natura,
837 601 988 650 necessest
1095 610 1142 664 ²35

240 677 312 733 a'eris
327 677 402 733 inter
415 695 482 734 eum
497 676 656 752 primordia
670 679 761 736 multa
774 678 894 738 moveri.

239 767 297 824 iam
311 767 416 842 triplex
428 767 517 824 animi
532 777 575 825 est
589 768 675 842 igitur
688 778 790 826 natura
802 779 918 844 reperta
926 789 937 844 3

239 875 295 914 nec
309 868 408 916 tamen
422 857 495 915 haec
509 869 553 916 sat
567 869 633 916 sunt
647 858 684 916 ad
699 877 818 917 sensum
831 870 938 919 cuncta
951 861 1121 933 creandum,

239 948 279 1005 nil
293 948 397 1006 horum
411 949 551 1022 quoniam
564 945 676 1024 recdpit
689 968 736 1008 res
750 968 836 1025 posse
852 969 950 1010 creare

239 1039 393 1125 sensiferos
407 1048 504 1098 motus
519 1049 549 1097 et
562 1040 653 1098 homo
668 1058 745 1114 quae
760 1051 858 1100 mente
872 1042 993 1101 volutat.
1096 1065 1144 1112 240

239 1139 341 1204 quarta
354 1147 472 1204 quoque
487 1130 530 1187 his
545 1131 630 1205 igitur
643 1130 790 1205 quaedam
804 1143 907 1190 natura
919 1141 1068 1190 necessest

239 1220 436 1294 adtribuatur;
458 1230 519 1278 east
533 1222 655 1279 omnino
669 1222 797 1280 nominis
811 1240 935 1296 expers3
977 1227 985 1302 l

238 1329 297 1386 qua
319 1330 415 1387 neque
439 1312 574 1370 mobilius
588 1312 747 1386 quicquam
761 1330 858 1387 neque
872 1313 986 1371 tenvius
999 1320 1103 1383 exstat,

238 1420 295 1459 nec
310 1403 401 1478 magis
416 1420 432 1459 e
446 1402 541 1478 parvis
555 1411 584 1460 et
598 1403 709 1462 levibus
724 1412 768 1461 est
783 1403 954 1475 elementis3

238 1493 392 1550 sensiferos
406 1501 504 1550 motus
517 1510 593 1566 quae
608 1492 683 1550 didit
697 1493 791 1567 prima
803 1511 857 1567 per
870 1503 958 1552 artus.
1097 1510 1143 1562 245

238 1584 332 1658 prima
345 1583 437 1640 cietur
450 1582 539 1655 enim,
553 1583 646 1657 parvis
660 1584 791 1658 perfecta
804 1584 923 1658 figuris3

238 1673 307 1731 inde
321 1673 402 1731 calor
415 1683 511 1732 motus
526 1683 556 1731 et
568 1673 649 1731 venti
663 1692 753 1732 caeca
766 1684 896 1749 potestas

238 1764 354 1839 accipit,
369 1763 438 1822 inde
453 1764 520 1837 aer3
542 1763 612 1822 inde
626 1765 727 1822 omnia
742 1765 948 1837 mobilitantur‚

238 1856 404 1914 concutitur
417 1855 542 1930 sanguis,
557 1864 619 1912 tum
633 1855 745 1912 viscera
758 1856 973 1930 persentiscunt

238 1947 345 2019 omnia,
360 1947 515 2023 postremis
529 1945 614 2003 datur
627 1946 741 2003 ossibus
755 1956 843 2021 atque
858 1945 993 2004 medullis
1094 1964 1143 2016 250

238 2039 297 2097 sive
311 2039 444 2113 voluptas
458 2047 502 2095 est
517 2038 576 2095 sive
591 2047 635 2095 est
648 2037 809 2096 contrarius
823 2036 919 2095 ardor.

238 2148 295 2187 nec
309 2139 419 2187 temere
430 2129 487 2186 huc
498 2127 584 2187 dolor
593 2146 685 2202 usque
697 2138 795 2202 potest
804 2137 957 2202 penetrare
968 2145 1065 2202 neque
1076 2145 1144 2186 acre

238 2238 408 2296 permanare
423 2218 540 2290 malum,
556 2218 627 2293 quin
641 2218 742 2277 omnia
755 2219 960 2293 perturbentur

238 2330 330 2386 usque
345 2310 422 2368 adeo
436 2319 469 2368 ut
481 2310 556 2367 vitae
572 2308 648 2367 desit
661 2309 743 2367 locus
758 2318 846 2383 atque
860 2308 969 2366 animai

238 2402 390 2476 diffugiant
403 2409 500 2476 partes
513 2418 566 2475 per
580 2399 677 2457 caulas
692 2399 822 2473 corporis
838 2399 942 2458 omnis.
1095 2415 1141 2468 255

238 2492 292 2550 sed
306 2492 478 2567 plerumque
493 2491 525 2548 fit
538 2490 568 2549 in
583 2509 700 2548 summo
714 2490 798 2565 quasi
812 2507 935 2565 corpore
950 2490 1016 2547 finis

237 2584 383 2641 motibus:
406 2582 483 2640 hanc
497 2582 537 2640 ob
551 2599 613 2638 rem
626 2581 716 2639 vitarn
731 2581 854 2638 retinere
869 2580 1008 2638 valemus.

279 2674 368 2731 Nunc
383 2691 418 2730 ea
431 2690 491 2746 quo
505 2681 594 2747 pacto
608 2672 683 2730 inter
697 2689 761 2729 sese
776 2671 866 2728 mixta
879 2670 1044 2745 quibusque

238 2774 358 2839 compta
371 2762 467 2821 modis
480 2763 596 2837 vigeant
610 2762 753 2819 rationem
768 2760 891 2819 reddere
907 2770 1043 2818 aventem

238 2854 376 2913 abstrahit
389 2853 512 2911 invitum
525 2852 609 2927 patrii
624 2852 765 2910 sermonis
780 2861 892 2926 egestas
903 2870 912 2924 3
1096 2856 1145 2906 260

239 2944 292 3003 sed
306 2955 414 3016 tamen,
429 2953 461 3001 ut
475 2953 588 3018 poter0,
600 2943 776 3013 summatim,
791 2942 940 3015 attingere,
955 2949 1082 3015 tangam.

238 3036 313 3093 inter
327 3034 406 3093 enim
421 3043 537 3092 cursant
550 3032 710 3107 primordia
723 3032 933 3106 principiorum

239 3126 366 3183 motibus
380 3125 455 3183 inter
468 3142 509 3195 se,
525 3124 566 3180 nil
579 3132 611 3180 ut
624 3123 772 3180 secernier
785 3140 876 3179 unum

238 3216 330 3291 possit
344 3233 400 3273 nec
414 3214 508 3290 spatio
522 3213 584 3271 fieri
598 3212 690 3271 divisa
704 3221 843 3286 potestas,

239 3306 292 3365 sed
306 3305 389 3380 quasi
404 3305 510 3362 multae
524 3304 567 3361 vis
581 3304 666 3360 unius
683 3302 815 3376 eorporis
830 3309 939 3360 extant.
1095 3304 1143 3371 265

239 3396 321 3471 quod
335 3414 427 3471 genus
441 3396 471 3453 in
486 3395 588 3469 quovis
602 3394 785 3451 animantum
799 3393 909 3450 viscere
923 3391 1011 3465 volgo

240 3498 284 3548 est
298 3488 373 3547 odor
386 3498 415 3545 et
429 3485 549 3561 quidam
564 3485 645 3545 color
659 3493 688 3543 et
702 3501 798 3559 sapor,
813 3492 843 3542 et
857 3491 957 3540 tamen
971 3500 1007 3539 ex
1021 3480 1066 3539 his
