2792 4025
245 195 306 273 178
577 206 810 261 tocnsrrus
1094 206 1145 277 [v.

240 368 327 445 frigus
341 367 421 426 enim
434 366 531 427 nudos
545 367 607 426 sine
621 368 745 443 pellibus
756 367 941 427 excruciabat

240 460 416 535 terrigenas3
437 467 468 517 at
481 477 536 517 nos
549 459 590 516 nil
603 458 693 516 laedit
707 466 787 517 veste
802 476 899 517 carere

239 567 385 625 purpurea
398 557 486 623 atque
501 566 572 607 auro
587 548 735 624 signisque
750 549 914 624 ingentibus
929 558 1006 625 apta,

240 638 312 697 dum
325 638 440 713 plebeia
453 647 553 697 tamen
567 639 604 697 sit
618 656 694 713 quae
709 638 868 697 defendere
883 640 984 714 possit.

239 746 309 805 ergo
323 728 476 787 hominum
490 746 583 804 genus
597 728 744 788 incassum
758 728 920 804 frustraque
935 730 1047 789 laborat
1082 748 1146 799 1430

239 837 355 895 semper
368 829 399 877 et
412 820 442 877 in
456 819 532 878 curis
547 820 695 877 consumit
709 819 843 879 inanibus
856 838 971 891 aevom,

238 910 375 967 nimimm
390 910 459 984 quia
471 927 533 967 non
547 909 686 984 cognovit
700 928 776 984 quae
790 910 828 968 sit
841 909 970 969 habendi

238 1000 303 1057 finis
318 1009 348 1057 et
361 1000 483 1059 omnino
497 998 598 1074 quoad
612 1009 725 1057 crescat
739 1018 807 1057 vera
820 1000 961 1075 voluptas

238 1089 328 1166 idque
342 1090 507 1147 minutatim
520 1090 610 1147 vitam
624 1089 757 1165 provexit
771 1090 800 1147 in
814 1091 918 1149 altum'

238 1189 269 1239 et
281 1181 348 1240 belli
362 1199 485 1255 magnos
499 1181 660 1239 commovit
674 1178 804 1239 funditus
818 1190 924 1240 aestus.

277 1272 317 1330 At
329 1272 429 1346 vigiles
443 1270 546 1329 mundi
560 1289 700 1346 magnum
715 1270 847 1329 versatile
862 1271 1005 1345 templum

237 1362 281 1419 sol
295 1370 325 1419 et
338 1361 408 1418 luna
421 1380 475 1419 suo
488 1361 643 1419 lustrantes
656 1361 766 1419 lumine
781 1360 891 1419 circum

237 1451 418 1526 perdocuere
433 1451 568 1509 homines
581 1469 727 1509 annorum
741 1460 874 1526 tempora
887 1450 960 1509 verti

237 1551 267 1599 et
281 1551 361 1599 certa
373 1542 485 1599 ratione
499 1541 560 1617 geri
573 1559 636 1599 rem
649 1551 739 1616 atque
753 1540 857 1603 ordine
872 1550 961 1600 certo.

277 1632 342 1690 Iam
356 1630 458 1689 validis
472 1632 566 1708 saepti
580 1632 728 1707 degebant
741 1632 864 1691 turribus
878 1649 984 1691 aevom
1081 1650 1144 1699 1440

237 1732 267 1780 et
280 1721 373 1779 divisa
385 1722 536 1780 colebatur
549 1721 735 1797 discretaque
750 1723 843 1793 tellus,

237 1814 296 1871 iam
310 1830 390 1869 mare
404 1812 533 1870 velivolis
546 1813 669 1871 florebat
681 1814 849 1888 puppibus;
870 1813 956 1871 urbes

236 1903 343 1960 auxilia
354 1920 390 1959 ac
407 1904 503 1961 socios
517 1901 576 1961 iam
589 1913 678 1977 pacto
692 1902 812 1961 loedere
826 1902 984 1975 habebant,

236 1994 412 2052 carminibus
427 2011 495 2052 cum
509 2011 555 2052 res
569 2003 665 2068 gestas
679 2011 807 2069 coepere
821 2004 928 2069 poetae

235 2083 369 2158 tradere3
390 2102 447 2142 nec
461 2085 553 2142 multo
568 2085 642 2159 priu'
657 2093 727 2142 sunt
741 2086 887 2143 elementa
900 2093 1024 2160 reperta.

235 2186 392 2251 propterea
405 2174 477 2250 quid
491 2175 528 2233 sit
541 2175 621 2250 prius
635 2184 734 2232 actum
748 2176 893 2251 respicere
908 2185 987 2234 aetas

235 2275 335 2324 nostra
348 2267 458 2340 nequit,
473 2265 529 2322 nisi
543 2283 602 2340 qua
614 2266 688 2322 ratio
702 2266 823 2340 vestigia
836 2275 988 2324 monstrat.

277 2356 401 2431 Navigia
414 2364 502 2430 atque
517 2355 578 2430 agri
591 2356 717 2414 culturas
731 2356 850 2414 moenia
863 2355 942 2431 leges

235 2464 315 2503 arma
328 2447 388 2503 vias
402 2455 497 2504 vestes
511 2455 541 2503 et
556 2455 654 2502 cetera
667 2444 707 2504 de
721 2463 828 2521 genere
843 2445 957 2520 horum,

235 2539 373 2613 praemia,
388 2538 508 2596 delicias
522 2556 641 2613 quoque
654 2538 731 2596 vitae
745 2537 873 2597 funditus
888 2539 993 2611 omnis,

235 2629 365 2686 carmina
378 2629 514 2702 picturas,
528 2637 559 2686 et
572 2626 696 2686 daedala
710 2629 793 2704 signa
807 2629 908 2704 polire,

236 2737 304 2776 usus
318 2728 348 2776 et
362 2718 501 2792 impigrae
516 2718 601 2776 simul
615 2719 794 2793 experientia
808 2720 915 2778 mentis

234 2808 375 2884 paulatim
388 2808 490 2865 docuit
504 2807 696 2883 pedetemtim
710 2809 932 2884 progredientis,

235 2900 278 2956 sic
291 2897 527 2972 unumquicquid
541 2899 680 2973 paulatim
694 2899 835 2974 protrahit
848 2909 928 2958 aetas
953 2959 955 2962 ,

235 2989 265 3046 in
279 2988 411 3046 medium
424 2989 556 3062 ratioque
570 2988 600 3046 in
614 2988 731 3046 luminis
745 2989 828 3064 erigit
842 3007 916 3048 oras.
946 3045 949 3049 .

235 3097 363 3154 namque
378 3077 437 3136 alid
450 3097 488 3136 ex
502 3079 558 3136 alio
572 3079 732 3136 clarescere
748 3087 778 3137 et
791 3078 895 3138 ordine
910 3078 1000 3137 debet

236 3169 353 3242 artibus,
368 3167 408 3228 ad
421 3187 568 3228 summum
582 3167 680 3228 donec
693 3186 802 3227 venere
816 3187 969 3228 cacumen
