2792 4025
263 252 324 334 176
401 216 413 229 ⁶
596 267 829 323 Lucnarrus
1114 267 1163 339 [v.

257 440 288 489 et
301 431 396 489 facere
410 436 478 488 ante
491 428 568 487 viros
582 427 679 487 lanam
693 439 797 487 natura
810 428 907 504 coegit

257 539 345 596 quam
360 521 499 578 muliebre
513 538 626 595 genus,
647 537 717 577 nam
731 520 817 595 longe
832 528 959 595 praestat
973 518 1003 579 in
1017 529 1077 577 arte
1101 537 1163 591 ¹355

257 621 287 669 et
301 612 442 669 sollertius
456 621 501 668 est
514 610 606 667 multo
620 628 713 685 genus
727 627 816 667 omne
830 610 928 683 virile;

256 701 399 777 agricolae
413 700 511 759 donec
525 700 595 757 vitio
607 710 719 757 vertere
734 699 834 771 severi,

255 802 289 850 ut
302 791 489 849 muliebribus
503 789 535 847 id
549 791 683 847 manibus
696 789 862 847 concedere
876 790 982 848 vellent

256 891 344 957 atque
359 881 414 957 ipsi
427 882 534 956 pariter
548 879 653 938 durum
668 880 785 938 sufferre
800 879 929 938 laborem

255 983 344 1047 atque
358 990 448 1047 opere
462 972 492 1028 in
507 970 581 1030 duro
596 970 733 1028 durarent
747 971 878 1028 membra
892 987 1063 1046 manusque.
1099 990 1109 1027 r
1114 976 1164 1041 360

296 1063 335 1121 At
348 1062 498 1139 specimen
512 1061 630 1119 sationis
644 1071 675 1118 et
687 1060 829 1119 insitionis
844 1061 925 1135 origo

256 1153 321 1228 ipsa
335 1153 387 1210 suit
399 1170 497 1209 rerum
511 1153 637 1227 primum
653 1161 755 1208 natura
769 1152 900 1222 creatrix,

255 1243 405 1302 arboribus
419 1243 558 1318 quoniam
572 1241 663 1300 bacae
677 1240 857 1317 glandesque
871 1239 1002 1300 caducae

257 1335 431 1409 tempestiva
444 1333 554 1392 dabant
568 1332 714 1408 pullorum
728 1333 863 1389 examina
877 1341 994 1406 supter3

254 1424 335 1483 unde
350 1426 438 1482 etiam
452 1425 591 1482 libitumst
605 1422 700 1497 stirpis
714 1422 897 1480 committere
911 1422 998 1480 ramis

256 1523 287 1573 et
300 1532 377 1573 nova
391 1513 530 1572 defodere
545 1514 574 1570 in
589 1523 693 1571 terram
708 1512 829 1587 virgulta
842 1531 894 1587 per
908 1530 1001 1587 agros.

255 1604 326 1663 inde
339 1605 426 1662 aliam
440 1614 528 1678 atque
543 1604 629 1661 aliam
644 1603 787 1660 culturam
801 1602 894 1661 dulcis
908 1604 992 1678 agelli

254 1696 438 1770 temptabant
451 1695 619 1769 fructusque
633 1695 710 1752 feros
725 1711 929 1752 mansuescere
944 1706 1050 1752 terram

255 1785 417 1844 cernebant
430 1784 611 1860 indulgendo
625 1783 794 1859 blandeque
808 1783 946 1842 colendo

255 1876 345 1951 inque
360 1875 423 1934 dies
437 1876 529 1950 magis
543 1876 573 1933 in
588 1885 720 1934 montem
735 1874 893 1933 succedere
909 1875 992 1933 silvas

256 1967 402 2042 cogebant
416 1966 547 2042 infraque
562 1966 660 2025 locum
675 1964 841 2024 concedere
856 1966 948 2039 cultis,

255 2067 339 2134 prata
351 2058 431 2116 lacus
444 2057 521 2116 rivos
534 2067 647 2133 segetes
661 2058 818 2131 vinetaque
833 2057 908 2115 laeta

256 2148 377 2206 collibus
392 2158 421 2206 et
434 2148 547 2223 campis
561 2158 593 2205 ut
607 2147 756 2219 haberent,
772 2156 859 2222 atque
874 2148 1004 2205 olearum

256 2239 371 2297 caerula
385 2238 565 2315 distinguens
580 2239 654 2296 inter
667 2238 752 2313 plaga
767 2256 880 2296 currere
895 2246 995 2312 posset

256 2347 310 2405 per
324 2331 449 2388 tumulos
463 2339 493 2388 et
508 2330 644 2388 convallis
660 2346 841 2403 camposque
857 2328 993 2404 profusa3

256 2430 290 2478 ut
303 2438 382 2478 nunc
397 2438 460 2478 esse
474 2420 555 2478 vides
569 2420 648 2477 vario
663 2418 801 2477 distincta
815 2419 914 2493 lepore

257 2511 365 2580 omnia,
380 2528 455 2584 quae
469 2511 565 2586 pomis
580 2510 708 2568 intersita
722 2509 856 2567 dulcibus
871 2518 976 2568 omant

256 2601 437 2675 arbustisque
452 2609 553 2657 tenent
567 2600 697 2659 felicibus
712 2600 808 2675 opsita
823 2600 943 2659 circum.

297 2691 336 2749 At
349 2689 474 2764 liquidas
488 2689 585 2746 avium
599 2709 686 2748 voces
702 2691 838 2748 imitarier
852 2708 903 2748 ore

256 2790 324 2838 ante
339 2780 392 2838 luit
406 2779 498 2837 multo
512 2797 600 2854 quam
615 2781 690 2838 levia
705 2781 835 2838 carmina
848 2790 937 2838 cantu

256 2870 464 2928 concelebrare
478 2869 613 2928 homines
627 2879 749 2946 possent
762 2871 896 2946 aurisque
911 2871 1018 2928 iuvare.

258 2969 288 3020 et
302 2960 429 3035 zephyri,
445 2978 517 3018 cava
530 2979 584 3037 per
597 2960 784 3031 calamorum,
802 2962 885 3020 sibila
898 2961 1025 3038 primum

257 3050 376 3126 agrestis
390 3049 518 3109 docuere
534 3070 620 3109 cavas
634 3050 733 3109 inflare
748 3052 868 3110 cicutas.

257 3140 328 3200 inde
341 3141 507 3199 minutatim
521 3140 614 3199 dulcis
628 3141 758 3199 didicere
774 3142 923 3217 querellas,
1126 3204 1140 3226 ο

255 3232 329 3290 tibia
342 3248 414 3306 quas
428 3230 524 3289 fundit
538 3231 633 3307 digitis
648 3232 762 3306 pulsata
775 3242 942 3303 canentum,
1102 3237 1163 3302 1385

257 3321 322 3379 avia
336 3339 389 3396 per
401 3339 522 3378 nemora
535 3338 570 3377 ac
584 3315 667 3378 silvas
681 3320 827 3394 saltusque
841 3332 963 3397 reperta,

257 3428 311 3486 per
324 3410 390 3467 loca
402 3420 550 3484 pastorum
564 3408 679 3466 deserta
692 3419 780 3483 atque
794 3410 854 3469 otia
867 3410 923 3466 dia.

259 3499 333 3557 haec
347 3499 461 3557 animos
475 3499 538 3558 ollis
553 3499 720 3556 mulcebant
734 3508 821 3573 atque
836 3500 973 3558 iuvabant
1102 3520 1164 3571 1390
