2792 4025
272 278 333 340 144
599 273 832 328 Lucnsrrus
1120 273 1171 343 [v.

266 436 317 510 qui
331 453 383 493 sua
397 442 534 504 tutentur,
549 431 671 509 quando
684 433 821 491 omnibus
835 432 935 491 omnia
948 432 1025 510 large

266 526 351 584 tellus
365 526 429 599 ipsa
442 525 516 599 parit
530 534 690 599 naturaque
705 522 830 582 daedala
843 520 963 602 rerum]

308 615 455 689 Principio
469 614 608 688 quoniam
622 614 708 672 terrai
722 630 828 689 corpus
842 624 872 672 et
885 630 971 671 umor
1126 631 1172 685 ²35

266 720 460 779 aurarumque
474 704 552 762 leves
567 704 682 762 animae
696 704 842 778 calidique
856 720 990 778 vapores,

266 816 284 855 e
298 798 404 872 quibus
418 797 491 854 haec
505 814 601 855 rerum
616 797 774 854 consistere
788 814 903 854 summa
915 795 1038 867 videtur,

266 888 366 946 omnia
379 887 478 945 nativo
491 902 527 943 ac
541 886 654 945 mortali
668 903 792 961 corpore
807 896 952 958 constant,

266 976 357 1035 debet
370 975 479 1035 eodem
493 977 589 1035 omnis
602 975 705 1034 mundi
721 988 822 1034 natura
835 976 938 1052 putari.

266 1068 376 1143 quippe
391 1067 500 1125 etenim
514 1084 639 1142 quorum
653 1067 742 1141 partis
756 1075 786 1125 et
800 1067 931 1125 membra
943 1064 1078 1124 videmus
1126 1082 1176 1133 240

266 1176 390 1233 corpore
405 1158 503 1215 nativo
516 1174 551 1214 ac
565 1158 735 1215 mortalibus
749 1174 814 1215 esse
828 1156 934 1233 figuris,

266 1248 343 1306 haec
357 1246 463 1305 eadem
478 1247 568 1305 senne
582 1248 716 1305 mortalia
729 1247 875 1304 cernimus
889 1263 953 1305 esse

266 1347 296 1395 et
309 1338 407 1396 nativa
421 1338 514 1396 simul.
530 1347 708 1412 quapropter
721 1337 847 1394 maxima
861 1335 963 1395 mundi

266 1447 336 1485 cum
348 1426 465 1486 videam
480 1427 612 1485 membra
625 1445 660 1485 ac
674 1428 762 1502 partis
777 1436 952 1502 consumpta
964 1425 1084 1503 regigni,

266 1519 340 1576 scire
354 1518 423 1576 licet
436 1518 510 1575 caeli
523 1534 643 1593 quoque
657 1517 728 1575 item
742 1527 893 1592 terraeque
908 1517 996 1575 fuisse
1127 1532 1173 1588 245

266 1608 437 1684 principiale
450 1606 570 1682 aliquod
584 1616 702 1682 tempus
720 1606 894 1683 clademque
908 1607 1043 1667 futuram.

308 1697 384 1756 Illud
398 1698 429 1756 in
443 1698 488 1755 his
500 1698 588 1756 rebus
601 1716 640 1755 ne
654 1698 828 1773 corripuisse
841 1698 930 1757 rearis

253 1862 255 1865 Α
268 1806 316 1846 me
330 1787 411 1859 mihi,
426 1786 508 1862 quod
521 1795 627 1845 terram
640 1798 729 1861 atque
744 1788 840 1863 ignem
855 1787 988 1845 mortalia
1000 1788 1111 1865 sumpsi

267 1896 331 1936 esse
345 1895 444 1952 neque
458 1894 592 1935 umorem
607 1876 736 1936 dubitavi
751 1896 892 1953 aurasque
906 1878 1001 1953 perire

267 1978 355 2044 atque
370 1966 475 2027 eadem
489 1967 567 2044 gigni
581 1985 736 2043 rursusque
751 1985 907 2044 augescere
922 1968 992 2042 dixi,
1128 1986 1176 2040 ²50

266 2060 410 2136 principio
424 2077 490 2134 pars
504 2058 588 2116 terrai
601 2059 750 2131 nonnulla,
765 2070 881 2134 perusta

267 2150 375 2209 solibus
388 2148 527 2219 adsiduis,
541 2149 632 2206 multa
646 2150 759 2224 pulsata
771 2148 882 2225 pedum
896 2149 934 2222 vi,

266 2240 391 2316 pulveris
405 2239 520 2297 exhalat
534 2239 671 2297 nebulam
684 2240 837 2315 nubesque
852 2240 975 2300 volantis

267 2349 339 2404 quas
353 2329 439 2387 validi
453 2339 516 2387 toto
530 2328 701 2406 dispergunt
715 2333 781 2390 aere
796 2331 884 2389 venti.

267 2438 334 2496 pars
349 2420 436 2477 etiam
450 2419 599 2494 glebarum
613 2419 653 2478 ad
667 2419 805 2478 diluviem
819 2429 975 2479 revocatur
1129 2439 1174 2494 ²55

269 2510 409 2568 imbribus
424 2519 454 2567 et
467 2509 545 2584 ripas
557 2508 690 2568 radentia
704 2509 823 2569 flumina
835 2510 952 2569 rodunt.

268 2609 419 2676 praeterea
433 2617 487 2674 pro
501 2609 583 2674 parte
597 2619 658 2672 sua,
673 2600 883 2677 quodcumque
898 2600 956 2660 alid
969 2610 1065 2678 auget,

268 2689 419 2760 redditur;
441 2699 470 2747 et
484 2690 624 2763 quoniam
638 2689 731 2749 dubio
744 2691 848 2767 procul
862 2709 926 2749 esse
939 2690 1054 2750 videtur

268 2779 454 2854 omniparens
469 2779 574 2837 eadem
587 2798 684 2838 rerum
697 2798 857 2839 commune
871 2782 1046 2857 sepulcrum,

269 2888 339 2944 ergo
354 2879 430 2927 terra
442 2869 492 2927 tibi
508 2870 613 2928 libatur
626 2880 656 2928 et
669 2881 756 2929 aucta
768 2872 912 2931 recrescit.
1128 2878 1176 2929 260

309 2959 401 3033 Quod
415 2969 555 3034 superest,
570 2978 674 3019 umore
687 2979 767 3020 novo
781 2979 860 3020 mare
875 2961 993 3020 flumina
1006 2963 1101 3020 sontes

269 3068 386 3125 semper
399 3050 549 3108 abundare
563 3060 594 3108 et
606 3051 707 3110 latices
720 3069 840 3110 manare
853 3052 989 3128 perennis

269 3140 309 3198 nil
324 3158 399 3215 opus
413 3150 458 3198 est
470 3141 584 3200 verbis:
606 3159 730 3216 magnus
744 3141 884 3201 decursus
898 3160 1038 3218 aquarum

268 3230 400 3306 undique
415 3230 550 3289 declarat.
565 3231 619 3289 sed
633 3231 760 3306 primum
775 3231 916 3307 quicquid
930 3234 1016 3307 aquai

269 3321 378 3381 tollitur
390 3320 421 3380 in
434 3339 607 3396 summaque
621 3322 654 3379 fit
667 3331 701 3378 ut
714 3322 754 3379 nil
768 3339 853 3381 umor
866 3322 1006 3396 abundet,
1129 3330 1175 3396 265

269 3411 376 3485 partim
389 3409 471 3485 quod
483 3411 571 3469 validi
585 3421 732 3469 verrentes
745 3429 873 3486 aequora
884 3414 962 3471 venti

271 3498 439 3563 diminuam
451 3499 598 3577 radiisque
612 3509 747 3560 retexens
761 3501 906 3561 aetherius
919 3503 972 3577 sol,
