2792 4025
256 267 317 330 104
589 261 823 316 Lucnnrrus
1094 260 1152 331 [ιν

251 435 284 484 ut
298 426 392 484 nubes
406 425 489 483 facile
505 423 651 482 interdum
666 440 859 482 concrescere
874 423 904 480 in
919 423 979 482 alto

252 517 398 575 cernimus
412 525 442 573 et
456 515 558 573 mundi
573 514 705 590 speciem
719 514 826 572 violare
841 531 974 572 serenam

252 607 319 665 aeta
333 607 495 664 mulcentes
510 615 601 664 motu.
617 623 686 662 nam
701 623 790 680 saepe
806 606 966 680 Gigantum

252 716 304 755 ora
316 697 413 755 volare
428 696 563 754 videntur
577 705 606 754 et
621 695 756 754 umbram
770 695 878 753 ducere
893 696 960 769 late,

252 786 398 845 interdum
414 787 511 862 magni
526 796 641 844 montes
655 786 812 860 avolsaque
827 804 896 844 saxa
1114 806 1160 854 140

252 879 401 936 montibus
415 878 523 934 anteire
539 887 568 934 et
583 877 675 934 solem
689 875 849 934 succedere
863 884 988 951 praeter,

252 968 322 1026 inde
337 969 407 1026 alios
422 967 533 1026 trahere
549 977 636 1042 atque
652 965 793 1026 inducere
808 967 895 1025 belua
907 965 1052 1044 nimbos]

294 1060 384 1117 Nune
398 1076 434 1116 ea
448 1076 536 1132 quam
551 1058 627 1115 facili
641 1067 671 1115 et
685 1057 773 1114 celeri
787 1057 899 1115 ratione
913 1067 1058 1132 genantur

251 1160 455 1226 perpetuoque
470 1148 559 1206 fluant
572 1149 610 1207 ab
624 1147 711 1206 rebus
725 1147 864 1223 lapsaque
878 1147 987 1210 cedant

252 1348 370 1406 semper
384 1330 463 1388 enim
476 1347 624 1388 summum
638 1326 781 1404 quicquid
795 1328 834 1386 de
848 1329 935 1386 rebus
948 1326 1080 1387 abundat
1115 1345 1160 1400 145

253 1421 336 1496 quod
351 1421 519 1478 iaculentur.
535 1429 565 1478 et
578 1419 636 1477 hoc
650 1419 721 1476 alias
736 1437 804 1477 curn
818 1420 951 1493 pervenit
964 1419 995 1476 in
1009 1437 1065 1491 res,

253 1512 364 1583 transit,
379 1520 412 1568 ut
425 1511 456 1567 in
470 1510 569 1585 primis
583 1511 697 1567 vitrum.
714 1509 767 1568 sed
781 1510 831 1568 ubi
845 1528 949 1583 aspera
962 1528 1031 1567 saxa

254 1611 304 1660 aut
319 1603 349 1659 in
364 1602 513 1658 materiam
528 1600 597 1675 ligni
611 1601 753 1675 pervenit,
768 1601 808 1658 ibi
823 1601 881 1657 iarn

254 1692 396 1752 scinditur
409 1701 441 1748 ut
455 1691 564 1749 nullum
579 1691 765 1749 simulacrum
780 1690 905 1749 reddere
919 1692 1019 1766 possit.

254 1793 285 1841 at
299 1801 366 1840 cum
381 1780 536 1857 splendida
550 1799 625 1856 quae
640 1791 776 1839 constant
789 1792 916 1856 opposta
930 1783 1045 1839 suerunt
1115 1799 1162 1851 ιςο

255 1873 415 1948 densaque,
428 1881 459 1928 ut
473 1873 504 1930 in
518 1872 616 1946 primis
631 1873 783 1946 speculum
798 1884 851 1944 est,
864 1872 903 1929 nil
917 1872 1023 1930 accidit
1037 1871 1162 1944 horum3

254 1983 322 2023 nam
338 1981 445 2039 neque,
461 1962 502 2021 uti
516 1962 629 2034 vitrum,
645 1963 723 2038 potis
737 1973 781 2021 est
795 1963 923 2034 transire,
938 1980 1036 2038 neque
1050 1971 1149 2023 autem

255 2055 369 2127 scindi;
392 2073 481 2129 quam
497 2054 630 2111 meminit
644 2054 725 2112 levor
738 2066 884 2130 praestare
899 2054 1030 2112 salutem.

255 2156 433 2221 quapropter
447 2145 479 2202 fit
494 2154 526 2203 ut
539 2144 607 2202 hinc
622 2145 708 2202 nobis
722 2146 875 2202 simulacra
888 2144 1065 2203 redundent.

255 2246 285 2295 et
299 2237 431 2311 quamvis
445 2236 542 2293 subito
556 2236 659 2310 quovis
673 2236 704 2292 in
719 2243 852 2309 ternpore
866 2253 1015 2310 quamque
1117 2251 1162 2305 155

254 2346 317 2386 rem
332 2338 433 2385 contra
447 2326 599 2402 speculum
612 2343 716 2400 ponas,
731 2334 852 2400 apparet
866 2327 983 2400 imago;

255 2428 398 2494 perpetuo
412 2417 501 2475 fluere
516 2426 547 2474 ut
560 2435 665 2474 noscas
679 2435 696 2474 e
711 2434 833 2491 corpore
847 2435 963 2475 summo

255 2518 383 2567 texturas
398 2526 494 2565 rerum
508 2507 603 2565 tenuis
618 2507 772 2582 tenuisque
786 2508 901 2582 figuras.

256 2618 326 2673 ergo
342 2598 431 2655 multa
445 2598 524 2655 brevi
539 2598 632 2672 spatio
648 2598 801 2655 simulacra
814 2608 969 2672 genuum,

256 2700 289 2748 ut
304 2689 408 2747 merito
423 2688 501 2745 celer
514 2688 558 2746 his
573 2689 659 2746 rebus
675 2688 787 2745 dicatur
801 2690 893 2764 origo.
1117 2696 1164 2747 160

257 2791 288 2839 et
302 2780 383 2855 quasi
399 2779 489 2836 multa
502 2779 583 2837 brevi
596 2780 690 2855 spatio
705 2780 885 2838 summittere
899 2779 988 2838 debet

257 2872 367 2929 lumina
382 2870 470 2927 solut
484 2880 628 2945 perpetuo
644 2871 701 2927 sint
715 2871 814 2928 omnia
826 2873 922 2946 plena,

258 2961 300 3021 sic
314 2961 351 3019 ab
365 2961 450 3018 rebus
465 2960 535 3019 item
550 2961 636 3019 simili
649 2962 761 3019 ratione
777 2972 924 3019 necessest

257 3052 397 3127 temporis
412 3051 441 3108 in
456 3062 567 3127 puncto
581 3070 677 3109 rerum
692 3052 845 3109 simulacra
858 3053 985 3110 serantur

257 3144 349 3203 multa
363 3142 458 3201 modis
473 3143 570 3201 multis
585 3143 614 3199 in
628 3153 750 3200 cunctas
764 3142 894 3217 undique
908 3143 996 3218 partis
1010 3164 1017 3214 ;
1118 3149 1162 3213 165

258 3233 500 3311 quandoquidem
515 3234 666 3307 speculum
681 3251 869 3307 quocumque
883 3234 1060 3291 obvertimus
1074 3233 1140 3303 oris,

257 3344 304 3385 res
319 3326 359 3383 ibi
372 3324 553 3399 respondent
567 3324 651 3381 simili
666 3324 758 3381 forma
772 3333 859 3398 atque
874 3324 982 3384 colore.

258 3426 410 3494 praeterea
424 3414 515 3473 modo
530 3433 599 3471 cum
613 3414 697 3472 fuerit
711 3414 900 3488 liquidissima
914 3415 987 3472 caeli

258 3515 428 3583 tempestas,
443 3522 584 3581 perquam
612 3505 707 3563 subito
718 3504 751 3561 fit
764 3504 880 3563 turbida
893 3504 990 3577 foede,
