2792 4025
194 262 263 347 '1.]
460 276 515 328 uu
541 276 688 330 RERUM
717 275 889 330 NATURA

221 454 278 494 nec
291 436 393 512 plagae
407 446 530 512 possunt
544 437 722 495 extrinsecus
735 435 866 512 undique
880 453 1026 494 summam

221 545 392 586 conservare
406 545 526 586 ornnem
541 545 746 603 quaecumque
760 537 805 586 est
819 527 984 587 conciliatu

219 616 328 675 cudere
344 618 422 676 enim
436 619 538 676 crebro
553 628 675 693 possunt
688 627 862 692 partemque
876 619 991 692 morari,

220 708 291 766 dum
304 708 424 766 veniant
437 709 509 766 aliae
524 726 558 765 ac
570 708 697 783 suppleri
712 727 827 766 summa
840 718 971 782 queatur.
1063 723 1123 779 1045

219 798 364 857 interdum
375 799 481 858 resilire
495 809 595 858 tamen
609 808 755 874 coguntur
768 808 798 857 et
811 817 871 856 una

218 890 366 966 principiis
380 907 476 947 rerum
490 889 616 965 spatium
629 898 805 965 tempusque
820 888 898 964 fugai

217 979 320 1054 largiri,
334 990 367 1038 ut
380 980 493 1055 possint
506 999 525 1038 a
537 989 625 1038 coetu
638 980 730 1039 libera
742 980 816 1038 ferri.

218 1089 307 1145 quare
321 1071 409 1129 etiam
422 1081 510 1146 atque
526 1071 614 1129 etiarn
628 1070 750 1130 suboriri
763 1070 855 1128 multa
867 1077 1026 1141 necessest,

217 1172 248 1220 et
261 1171 359 1220 tamen
373 1171 406 1219 ut
419 1162 522 1237 plagae
533 1179 652 1238 quoque
663 1161 776 1237 possint
786 1170 941 1236 suppetere
952 1161 1042 1236 ipsae,
1060 1177 1124 1232 1050

217 1251 330 1310 infinita
343 1270 418 1328 opus
433 1262 478 1310 est
490 1252 534 1311 vis
547 1252 678 1326 undique
692 1251 834 1310 materiai.

258 1341 336 1400 Illud
349 1342 379 1400 in
393 1341 438 1401 his
451 1343 537 1402 rebus
551 1344 637 1418 longe
651 1343 719 1418 fuge
733 1341 863 1415 credere,
878 1339 1015 1415 Memmi,

217 1433 248 1492 in
262 1433 394 1492 medium
407 1451 548 1505 summae,
563 1431 645 1508 quod
660 1431 771 1504 dicunt,
787 1432 888 1491 omnia
900 1431 963 1503 niti,

217 1533 305 1600 atque
319 1523 389 1583 ideo
402 1524 506 1583 mundi
519 1533 652 1582 naturam
666 1533 741 1582 stare
755 1523 819 1581 sine
833 1522 896 1581 ullis

217 1615 322 1674 ictibus
333 1615 457 1675 externis
471 1631 568 1690 neque
582 1632 734 1689 quoquam
747 1631 834 1689 posse
848 1612 953 1671 resolvi
1060 1627 1121 1684 ¹055

217 1725 331 1765 summa
345 1704 514 1781 atqueima,
530 1704 612 1780 quod
625 1705 655 1763 in
670 1702 802 1762 medium
816 1703 874 1761 sint
888 1703 989 1761 omnia
1001 1702 1088 1761 nixa:

216 1797 313 1874 ipsum
328 1797 353 1856 si
366 1797 525 1871 quicquam
538 1813 626 1871 posse
640 1794 671 1853 in
684 1812 717 1854 se
731 1794 831 1853 sistere
845 1793 963 1854 credis:

217 1898 248 1946 et
261 1905 336 1963 quae
350 1886 482 1962 pondera
496 1895 563 1944 sunt
576 1886 631 1945 sub
644 1885 727 1944 terris
741 1886 842 1944 omnia
855 1901 970 1944 sursum

216 1979 303 2038 nitier
315 1979 346 2038 in
360 1988 493 2053 terraque
507 1987 584 2037 retro
598 1977 783 2053 requiescere
797 1984 892 2052 posta,

216 2081 250 2129 ut
263 2088 316 2146 per
328 2088 419 2145 aquas
433 2086 509 2145 quae
524 2086 603 2127 nunc
617 2087 714 2126 rerum
728 2067 881 2125 simulacra
893 2065 1036 2126 videmus.
1061 2071 1123 2123 1060

217 2171 248 2220 et
262 2161 346 2219 simili
359 2160 471 2219 ratione
486 2159 621 2218 animalia
634 2177 730 2234 suppa
742 2157 840 2233 vagari

217 2250 402 2311 contendunt
416 2267 513 2325 neque
527 2267 614 2325 posse
628 2267 645 2306 e
660 2249 741 2306 terris
756 2248 786 2305 in
801 2249 866 2307 loca
880 2246 954 2305 caeli

216 2342 366 2401 reccidere
380 2342 516 2399 inferiora
528 2339 620 2415 magis
635 2358 725 2414 quam
739 2356 863 2413 corpora
876 2347 976 2395 nostra

218 2443 323 2509 sponte
337 2450 390 2491 sua
403 2432 516 2507 possint
529 2431 560 2489 in
574 2430 648 2489 caeli
662 2429 772 2504 templa
784 2428 883 2487 volare
894 2448 903 2501 ;

209 2524 258 2583 1111
271 2543 340 2582 cum
353 2521 473 2582 videant
486 2523 589 2592 solem,
603 2539 658 2579 nos
672 2519 768 2579 sidera
781 2519 877 2577 noctis
1061 2525 1121 2591 1065

218 2632 346 2686 cernere,
360 2622 391 2675 et
404 2613 520 2671 alternis
534 2611 688 2671 nobiscum
702 2620 837 2683 tempora
850 2609 924 2669 caeli

218 2703 349 2763 dividere
363 2713 393 2762 et
405 2713 509 2762 noctes
522 2702 619 2778 parilis
632 2702 740 2777 agitare
755 2699 869 2761 diebus·

218 2795 273 2855 sed
286 2813 376 2853 vanus
390 2793 500 2853 stolidis
515 2794 589 2852 haec
606 2816 698 2856 error
721 2814 754 2859 se
763 2823 798 2858 m
810 2807 872 2859 m
895 2802 954 2861 25„
965 2794 1026 2861 rii

218 2886 346 2962 amplexi
360 2883 442 2960 quod
455 2884 565 2943 habent
578 2899 664 2959 pervcn
672 2899 726 2951 rsa
762 2906 807 2956 νε
818 2916 854 2950 ιιι
884 2908 924 2948 oz
936 2884 950 2948 ,¹
957 2893 982 2947 ιί
995 2911 1015 2949 ιι
1025 2912 1052 2951 r..

217 2996 287 3035 nam
301 2975 432 3035 medium
446 2974 486 3032 nil
500 2992 563 3033 esse
577 2981 676 3050 potest
694 2972 750 3035 ubi
766 2994 845 3033 sum
855 2990 925 3037 mu
941 2993 1008 3063 poc:
1018 2952 1150 3039 antinoi

218 3068 339 3125 infinita.
360 3083 457 3140 neque
472 3065 602 3136 omnino,
618 3065 642 3122 si
655 3064 714 3122 iam
727 3063 860 3123 medium
873 3063 918 3136 sit,

218 3158 311 3233 possit
324 3156 364 3215 ibi
378 3157 535 3231 quicquam
550 3155 708 3213 consistere
730 3182 760 3220 2,
774 3183 812 3220 »r
837 3184 916 3236 mu,
927 3157 931 3212 ἔ
938 3185 949 3231 5
970 3183 1026 3219 co,
1039 3180 1049 3213 .<
1061 3190 1088 3219 η,

219 3267 308 3324 quam
323 3248 423 3323 quavis
437 3246 494 3305 alia
506 3246 593 3321 longe
608 3246 722 3304 ratione
745 3262 773 3303 rs
826 3244 853 3307 ,ῑὲ
861 3248 886 3326 i,
907 3241 910 3250 ¹

218 3340 315 3400 omnis
326 3338 405 3397 enirn
418 3337 501 3395 locus
515 3354 551 3394 ac
565 3336 700 3411 spatium,
716 3334 797 3411 quod
811 3335 898 3393 inane
913 3351 1062 3404 vocamus,
1111 3387 1113 3392 .

219 3449 272 3507 per
286 3428 426 3500 medium,
441 3446 494 3503 per
506 3445 567 3485 uon
580 3426 722 3497 medium,
737 3424 902 3483 concedere
917 3424 1007 3482 debet
1061 3439 1122 3494 ¹0⁷5

219 3539 314 3597 aeque
328 3517 517 3597 ponderibus,
532 3527 629 3577 motus
643 3533 830 3592 quacumque
844 3515 983 3573 feruntur.
