2792 4025
231 269 272 341 1.]
467 270 522 322 nn
548 270 694 324 nanum
721 270 894 325 NATURA
1093 277 1127 339 13

228 440 261 489 ut
273 449 374 489 verear
387 449 425 489 ne
439 430 521 489 tarda
534 431 613 506 prius
626 448 680 506 per
693 433 825 489 membra
838 441 973 491 senectus

228 531 326 596 serpat
339 531 368 579 et
381 521 412 579 in
425 522 510 581 nobis
524 522 591 579 vitai
605 522 729 580 claustra
742 522 875 594 resolvat,
1081 545 1111 592 4¹
1115 542 1128 594 5

228 630 316 686 quam
330 612 382 670 tibi
396 610 435 669 de
449 609 549 686 qi1avis
563 630 666 670 unare
680 613 809 671 versibus
824 612 919 670 omnis

227 711 463 777 argumentorum
477 702 513 760 sit
527 703 614 777 copia
627 703 715 760 missa
728 721 782 777 per
793 704 878 761 auris.

267 792 326 851 Sed
340 810 419 849 nune
433 802 465 850 ut
478 802 610 865 repetam
624 803 763 867 coeptum
777 803 926 867 pertexere
941 793 1034 866 dictis,

226 883 331 954 omnis,
346 890 379 939 ut
393 891 446 953 est,
461 882 546 957 igitur
559 900 613 956 per
626 901 656 939 se
671 892 774 940 natura
787 883 901 941 duabus

226 972 356 1030 constitit
368 972 400 1029 in
413 972 517 1043 rebus;
539 990 608 1028 nam
622 990 746 1046 corpora
759 983 826 1030 sunt
839 982 869 1030 et
882 974 978 1046 inane,
1079 997 1128 1044 420

226 1061 300 1119 haec
313 1062 344 1119 in
358 1079 419 1137 quo
433 1062 487 1119 sita
500 1070 568 1118 sunt
581 1070 610 1118 et
624 1078 683 1134 qua
696 1061 809 1119 diversa
822 1073 981 1121 moventur.

211 1160 332 1226 'corpus
347 1151 427 1209 enim
440 1168 493 1225 per
507 1169 538 1208 se
553 1152 718 1208 communis
732 1150 851 1210 dedicat
864 1170 927 1210 esse
938 1148 950 1245 )

204 1174 328 1389 &iosus
339 1262 348 1314 ;
370 1240 419 1300 cui
432 1240 487 1298 nisi
501 1239 595 1314 prima
609 1239 684 1299 fides
697 1241 818 1298 mndata
830 1243 944 1316 valebit,

264 1340 296 1389 ut
310 1332 364 1390 erit
377 1331 500 1389 occultis
514 1329 552 1388 de
566 1331 653 1388 rebus
667 1349 727 1405 quo
741 1332 896 1389 reserentes

224 1423 397 1481 confirmare
411 1421 500 1479 animi
514 1422 672 1496 quicquam
686 1421 799 1481 ratione
813 1440 960 1495 queamus.
1077 1448 1123 1499 4²5

224 1523 287 1572 tum
300 1530 387 1587 porro
401 1512 483 1569 locus
498 1530 533 1568 ac
547 1512 682 1586 spatium,
697 1511 780 1587 quod
794 1513 878 1570 inane
892 1533 1038 1588 vocamus,

223 1604 248 1663 si
261 1603 372 1661 nullum
386 1603 470 1675 soret,
484 1602 554 1659 haut
569 1620 693 1676 usquam
707 1602 761 1660 sita
775 1621 897 1677 corpora
909 1617 1028 1679 possent

223 1713 287 1753 esse
301 1712 398 1769 neque
412 1692 534 1751 omnino
549 1710 699 1766 quoquam
714 1691 827 1751 diversa
839 1712 953 1767 meare3

222 1783 254 1843 id
268 1782 350 1859 quod
364 1784 422 1840 iam
436 1802 547 1859 stipem
554 1782 606 1841 tibi
620 1783 708 1857 paulo
722 1782 902 1842 ostendimus
915 1795 990 1845 ante.

215 1871 373 1950 'praeterea
385 1874 426 1930 nil
440 1882 484 1931 est
497 1872 579 1947 quod
592 1874 687 1947 possis
702 1873 799 1931 dicere
813 1875 850 1932 ab
864 1876 945 1933 omni
1076 1900 1125 1949 450

203 1884 221 2097 ί
222 1982 346 2040 corpore
361 1963 525 2022 seiunctum
539 1971 743 2038 secretumque
758 1982 822 2022 esse
836 1964 873 2023 ab
886 1873 985 2124 inani)

214 2055 305 2143 Xqnod
319 2053 402 2128 quasi
415 2053 500 2111 tertia
513 2053 549 2111 sit
562 2072 686 2112 numero
700 2064 804 2114 natura
815 2067 937 2130 reperta.

222 2163 291 2202 nam
306 2143 516 2219 quodcumque
531 2144 592 2215 erit,
608 2162 672 2202 esse
687 2144 797 2220 aliquid
811 2144 930 2204 debebit
943 2147 975 2204 id
988 2147 1102 2223 ipsum;

223 2235 271 2292 cui
285 2235 309 2292 si
322 2243 416 2292 tactus
431 2234 485 2292 erit
498 2235 630 2309 quamvis
644 2235 715 2292 levis
730 2236 917 2310 exiguusque,

222 2325 358 2400 augmine
371 2326 418 2383 vel
431 2323 534 2401 gnandi
547 2325 593 2382 vel
606 2343 696 2399 parvo
711 2324 848 2400 denique,
859 2325 930 2383 dum
944 2326 988 2398 sit,
1076 2349 1123 2401 435

222 2415 351 2491 corporis
365 2416 483 2491 augebit
497 2434 654 2473 numerum
668 2435 871 2490 summamque
886 2428 1028 2491 sequetur.

221 2507 266 2564 sin
280 2506 406 2564 intactile
421 2506 484 2577 erit,
499 2506 580 2564 nulla
594 2504 633 2564 de
647 2516 730 2580 parte
744 2506 824 2581 quod
839 2507 925 2564 ullam

220 2615 283 2655 rem
297 2597 450 2672 prohibere
464 2605 554 2671 queat
568 2614 621 2672 per
635 2614 666 2654 se
682 2597 801 2654 transire
815 2607 971 2671 meantem,

221 2687 332 2745 scilicet
345 2688 402 2745 hoc
416 2685 448 2746 id
461 2688 523 2759 en't,
537 2706 663 2745 vacuum
678 2686 761 2761 quod
774 2687 861 2745 inane
875 2706 1024 2747 vocamus.

220 2787 370 2852 praeterea
383 2796 437 2852 per
451 2796 482 2835 se
497 2777 709 2852 quodcumque
725 2778 788 2849 erit,
803 2788 852 2835 aut
866 2778 952 2836 faciet
966 2778 1037 2853 quid
1076 2802 1124 2849 440

221 2876 272 2924 aut
285 2868 345 2925 aliis
360 2868 440 2942 iungi
454 2867 575 2927 debebit
589 2867 743 2943 agentibus
756 2867 852 2942 ipsum

221 2966 272 3014 aut
284 2959 337 3016 erit
351 2967 384 3015 ut
396 2959 509 3033 possint
523 2958 554 3015 in
568 2977 604 3016 eo
618 2976 666 3016 res
681 2975 745 3016 esse
759 2957 888 3033 gerique.

221 3067 257 3104 ac
270 3048 366 3105 facere
381 3058 410 3105 et
425 3049 504 3122 fungi
519 3049 581 3105 sine
597 3067 721 3123 corpore
735 3048 814 3105 nulla
827 3058 925 3122 potest
937 3068 983 3107 res
998 3066 1007 3132 )

222 3155 279 3195 nec
293 3139 431 3212 praebere
445 3139 543 3196 locum
558 3157 645 3214 porro
659 3139 714 3196 nisi
727 3139 814 3196 inane
828 3158 1002 3214 vacansque.

222 3245 291 3302 ergo
305 3237 419 3302 praeter
432 3228 517 3286 inane
533 3237 562 3286 et
576 3247 701 3303 corpora
713 3230 797 3286 tertia
809 3247 862 3303 per
876 3247 908 3286 se
1075 3251 1123 3302 445

221 3317 300 3374 nulla
312 3327 409 3391 potest
422 3303 561 3376 rerum'in
576 3337 698 3377 numero
712 3329 814 3376 natura
827 3319 961 3393 relinqui,

221 3425 278 3464 nec
293 3425 368 3481 quae
382 3409 436 3466 sub
449 3427 550 3466 sensus
564 3409 651 3467 cadat
664 3410 723 3466 ullo
737 3419 869 3484 tempore
884 3419 998 3467 nostros

221 3515 278 3554 nec
291 3498 403 3556 ratione
417 3499 506 3557 animi
519 3517 607 3573 quam
625 3500 780 3574 quisquam
794 3499 884 3574 possit
897 3499 998 3574 apisci.
