2792 4025
255 265 299 343 84
591 274 822 330 nuenarius
1084 275 1159 347 [111.

254 449 343 516 atque
357 439 404 498 alii
418 457 520 499 sensus
534 440 584 515 qui
598 439 687 497 vitam
702 458 830 514 cumque
844 441 1016 516 gubemant,
1112 460 1162 514 550

255 542 285 589 et
298 531 386 590 veluti
400 549 503 589 manus
516 540 604 604 atque
619 531 722 588 oculus
737 549 857 589 naresve
872 549 1003 590 seorsum

254 631 367 680 secreta
380 622 418 680 ab
432 615 517 680 nobis
531 630 682 695 nequeunt
696 621 801 678 sentire
815 639 912 696 neque
927 639 1001 694 esse,

255 712 308 772 sed
322 721 421 770 tamen
435 713 465 770 in
479 729 568 787 parvo
583 711 708 768 licuntur
722 722 853 786 tempore
868 713 945 783 tabe,

255 804 297 862 sic
311 803 424 860 animus
438 821 491 877 per
505 820 536 859 se
551 819 611 859 non
626 802 689 875 quit
703 801 766 859 sine
781 819 904 877 corpore
919 812 949 859 et
962 802 1028 877 ipso

255 911 319 952 esse
334 893 462 964 homine,
478 893 551 950 illius
566 893 648 967 quasi
662 892 745 966 quod
759 911 808 950 vas
823 910 887 950 esse
900 891 1015 951 videtur

255 985 314 1042 sive
329 982 408 1042 aliud
422 982 493 1058 quid
508 984 549 1041 vis
564 983 660 1058 potius
676 983 860 1041 coniunctius
875 982 903 1040 ei

254 1075 376 1148 fingere,
392 1072 634 1147 quandoquidem
649 1091 765 1130 conexu
779 1090 885 1147 corpus
899 1072 1047 1132 adhaeret.

209 1198 216 1213 ι
296 1165 433 1238 Denique
448 1163 577 1238 corporis
591 1173 679 1238 atque
693 1164 783 1221 animi
796 1155 892 1221 vivata
904 1173 1034 1238 potestas

255 1255 330 1314 inter
344 1273 375 1312 se
389 1255 548 1312 coniuncta
561 1254 658 1312 valent
671 1253 789 1329 vitaque
803 1254 953 1326 fruuntu13

254 1365 311 1404 nec
326 1347 387 1404 sine
401 1363 525 1420 corpore
540 1345 618 1402 enim
633 1345 723 1403 vitalis
739 1344 827 1402 edere
842 1355 939 1403 motus

255 1437 317 1496 sola
329 1446 427 1513 potest
441 1436 530 1493 animi
544 1454 596 1511 per
610 1454 643 1493 se
657 1446 760 1492 natura
772 1453 830 1493 uec
843 1448 941 1493 autem

255 1545 371 1585 cassum
385 1527 483 1584 anima
497 1544 604 1600 corpus
618 1525 722 1584 durare
737 1536 767 1582 et
781 1526 913 1583 sensibus
927 1526 978 1584 uti.

255 1618 367 1677 scilicet
381 1616 496 1675 avolsus
509 1617 654 1674 radicibus
668 1625 702 1674 ut
715 1617 818 1691 nequit
831 1616 920 1674 ullam

256 1707 400 1783 dispicere
415 1708 477 1783 ipse
492 1707 594 1765 oculus
607 1725 669 1765 rem
683 1725 814 1765 seorsum
829 1725 952 1782 corpore
966 1716 1039 1780 toto,

256 1799 298 1858 sic
312 1799 410 1856 anima
423 1808 510 1873 atque
525 1798 639 1856 animus
652 1816 752 1873 perse
765 1798 806 1855 nil
818 1816 906 1873 posse
920 1798 1044 1857 videtur.

255 1889 391 1946 nimirum
405 1890 474 1964 quia
488 1907 541 1964 per
554 1906 643 1947 venas
657 1899 687 1947 et
700 1889 811 1946 viscera
824 1889 946 1961 mixtim,

255 1997 309 2058 per
322 1997 426 2039 nervos
440 1990 528 2055 atque
543 1998 617 2052 ossa,
633 1989 769 2038 tenentur
783 1997 906 2055 corpore
920 1981 958 2040 ab
972 1979 1054 2039 omni

254 2089 313 2129 nec
327 2072 439 2147 magnis
454 2072 605 2130 intervallis
619 2070 779 2147 primordia
791 2081 914 2146 possunt

254 2166 345 2222 libera
358 2162 518 2234 dissultare,
534 2162 602 2222 ideo
617 2162 758 2220 conclusa
770 2172 924 2220 moventur

255 2254 409 2313 sensiferos
423 2263 520 2311 motus
534 2271 609 2328 quos
623 2263 704 2311 extra
718 2270 824 2327 corpus
838 2254 868 2310 in
882 2271 965 2311 auras

255 2344 329 2403 aeris
344 2344 413 2401 haut
426 2354 548 2419 possunt
561 2353 629 2419 post
642 2353 767 2401 mortem
782 2344 876 2401 eiecta
890 2342 1000 2401 moveri

255 2444 410 2510 propterea
424 2436 565 2510 quianon
580 2434 664 2493 simili
678 2434 789 2491 ratione
804 2444 946 2492 tenentur.

255 2543 362 2601 corpus
376 2526 455 2583 enim
465 2534 554 2605 atque
567 2525 700 2583 animans
722 2525 775 2582 erit
788 2525 846 2596 aer,
861 2525 884 2582 si
899 2524 1036 2581 cohibere

255 2634 320 2675 sese
333 2616 431 2674 anima
445 2626 533 2690 atque
547 2616 577 2673 in
591 2634 629 2674 eo
642 2616 751 2691 poterit
765 2615 941 2674 concludere
956 2626 1053 2675 motus

255 2724 331 2783 quos
344 2716 412 2765 ante
425 2709 457 2765 in
470 2707 564 2765 nervis
578 2717 608 2765 et
623 2708 652 2764 in
666 2708 732 2781 ipso
745 2725 869 2782 corpore
885 2708 998 2782 agebat.

184 2788 192 2855 '1
254 2797 326 2874 quin
340 2798 427 2855 etiam
441 2796 506 2855 finis
520 2797 592 2855 dum
605 2798 680 2855 vitae
694 2797 813 2856 vertitur
826 2798 908 2869 intra,

255 2906 343 2965 saepe
358 2888 454 2963 aliqua
469 2898 568 2946 tamen
583 2906 600 2946 e
614 2906 703 2946 causa
716 2887 858 2947 labefacta
870 2888 985 2946 videtur

254 2979 295 3037 ire
309 2979 407 3037 anima
420 2997 456 3036 ac
469 2988 532 3037 toto
547 2978 620 3037 solui
635 2977 674 3036 de
688 2996 811 3053 corpore
825 2979 898 3036 velle

255 3078 285 3128 et
299 3069 381 3145 quasi
395 3087 532 3144 supremo
546 3070 734 3144 languescere
748 3079 880 3144 tempore
894 3069 988 3127 voltus

254 3159 411 3235 molliaque
426 3160 565 3235 exsangui
578 3171 681 3218 trunco
696 3159 802 3218 cadere
816 3160 917 3217 omnia
929 3160 1069 3218 membra.
1111 3168 1160 3231 580

254 3248 338 3327 quod
351 3268 444 3325 genus
458 3259 511 3322 est,
526 3251 624 3309 animo
638 3250 714 3309 male
728 3251 837 3308 factum
851 3269 919 3307 cum
932 3250 1101 3324 perhibetur

254 3350 306 3401 aut
319 3342 447 3400 animam
460 3342 576 3416 liquisse
587 3362 596 3415 3
618 3342 667 3399 ubi
682 3341 740 3398 iam
754 3339 913 3415 trepidatur
927 3350 956 3397 et
970 3358 1073 3399 omnes

256 3443 419 3491 extremum
434 3433 555 3507 cupiunt
569 3433 643 3490 vitae
657 3430 889 3506 repraehendere
903 3431 1040 3489 vinclum.

256 3533 466 3599 conquassatur
480 3524 557 3581 enim
571 3534 633 3581 tum
648 3540 732 3580 mens
744 3522 918 3597 animaeque
931 3531 1061 3597 potestas
