2792 4025
259 250 302 313 24
594 247 826 302 rueramus
1123 248 1163 321 [1.

257 425 344 486 posse
359 407 464 468 eadem
479 406 606 484 demptis
619 407 720 484 paucis
734 409 896 484 paucisque
910 408 1033 483 tributis,
1114 418 1164 469 800

257 499 361 558 ordine
375 509 487 557 mutato
502 510 531 557 et
546 510 638 571 motu,
653 499 749 557 facere
763 500 837 558 aeris
850 518 944 573 auras,
1094 524 1098 529 ·

257 589 299 648 sic
314 590 382 649 alias
396 590 457 648 aliis
471 590 557 648 rebus
572 589 708 647 mutarier
721 590 838 647 omnis?

266 668 283 744 (
297 682 353 738 ‘At
367 679 520 738 manifesta
532 679 627 754 palam
641 697 687 737 res
702 678 829 737 indicat'
843 679 940 755 inquis
954 680 1002 739 ‘in
1016 698 1101 740 auras

257 769 330 828 aeris
344 788 361 829 e
376 780 451 829 terra
463 788 509 828 res
524 770 618 828 omnis
633 787 764 827 crescere
778 769 875 844 alique
886 776 938 867 ,)
982 781 986 790 ·

257 870 287 919 et
300 860 354 918 nisi
365 870 522 937 tempestas
536 859 667 935 indulget
681 869 815 935 tempore
829 860 923 918 fausto
1113 869 1162 933 805

256 951 405 1023 imbribus,
419 961 452 1009 ut
465 951 531 1010 tabe
545 950 711 1009 nimborum
722 950 842 1008 arbusta
853 950 999 1023 vacillent,

256 1041 357 1116 solque
373 1060 425 1100 sua
438 1059 492 1117 pro
506 1051 587 1116 parte
602 1040 680 1098 fovet
693 1040 850 1115 tribuitque
865 1041 1002 1113 calorem,

255 1150 385 1191 crescere
400 1150 461 1191 non
474 1132 587 1207 possint
596 1132 692 1207 fruges
707 1131 824 1190 arbusta
836 1132 1011 1190 animantis!

255 1223 365 1282 scilicet
378 1233 408 1281 et
421 1224 477 1281 nisi
490 1242 544 1281 nos
558 1222 640 1281 cibus
652 1221 750 1280 aridus
764 1231 795 1281 et
807 1231 891 1280 tener
904 1240 990 1281 umor

254 1312 381 1387 adiuvet,
396 1314 502 1372 amisso
516 1314 574 1371 iam
588 1330 713 1389 corpore
725 1311 786 1371 vita
799 1330 918 1388 quoque
933 1313 1029 1371 omnis
1112 1320 1163 1371 810

254 1404 389 1463 omnibus
405 1403 530 1462 enervis
544 1412 631 1479 atque
646 1403 761 1462 ossibus
775 1404 940 1462 exsoluatur
948 1425 958 1477 3

254 1492 418 1552 adiutamur
432 1495 511 1552 enim
525 1493 617 1553 dubio
631 1493 735 1570 procul
748 1504 836 1567 atque
851 1494 954 1552 alimur
966 1512 1022 1553 nos

254 1584 340 1642 certis
353 1584 391 1643 ab
404 1585 500 1655 rebus,
515 1585 601 1642 certis
614 1584 687 1642 aliae
701 1593 789 1659 atque
804 1584 876 1643 aliae
890 1602 945 1643 res

253 1674 390 1733 nimirum
404 1676 473 1749 quia
486 1674 577 1733 multa
590 1673 686 1733 modis
700 1675 870 1733 communia
883 1674 981 1734 multis

112 1819 155 1855 f,
188 1784 198 1802 ¹
253 1765 409 1823 multarum
422 1782 518 1823 rerum
532 1765 561 1822 in
575 1765 663 1824 rebus
673 1765 833 1841 primordia
846 1766 937 1824 mixta
1111 1774 1159 1838 815

54 1914 58 1924 ,
86 1866 95 1937 l
133 1854 135 1870 '
158 1885 164 1893 v
253 1866 329 1927 sunt,
344 1855 413 1914 ideo
426 1856 511 1914 variis
524 1856 619 1914 variae
633 1874 679 1914 res
693 1857 780 1915 rebus
794 1856 918 1915 aluntur.

156 1967 160 1980 ·
253 1956 341 2024 atque
356 1930 460 2004 eadem
475 1947 573 2022 magni
586 1947 673 2005 refert
685 1946 844 2022 primordia
858 1965 947 2023 saepe

76 2031 80 2039 ’
109 2033 112 2043 ’
139 2107 142 2124 Ι
167 2075 181 2115 3·
253 2057 322 2096 cum
336 2037 441 2113 quibus
456 2048 486 2096 et
499 2038 577 2113 quali
590 2039 720 2114 positura
733 2039 937 2097 contineantur

150 2118 152 2127 ’
253 2138 283 2186 et
296 2146 370 2203 quos
384 2130 459 2186 inter
472 2128 587 2187 sedent
602 2139 698 2187 motus
713 2130 917 2204 accipiantque
928 2151 937 2203 3

194 2206 198 2216 ’
251 2236 379 2293 namque
394 2217 500 2278 eadem
514 2219 628 2278 caelum
642 2238 721 2290 mare
736 2228 824 2278 terras
838 2219 958 2278 flumina
970 2220 1064 2279 solem
1110 2227 1159 2278 διο

170 2373 174 2383 ,
251 2310 441 2383 constituunt,
457 2309 563 2368 eadem
576 2310 672 2386 fruges
687 2311 804 2368 arbusta
817 2311 981 2384 animantis,
1173 2332 1203 2398 ᾧ

250 2419 352 2459 verum
365 2400 427 2459 aliis
441 2401 556 2502 alioque
571 2400 663 2459 modo
677 2401 837 2459 commixta
850 2411 1014 2460 moventur.
1185 2407 1201 2472 ἵ

166 2470 300 2573 (
251 2508 323 2566 qum
337 2491 425 2548 etiam
439 2491 546 2567 passim
560 2491 665 2550 nostris
679 2492 711 2549 in
723 2492 876 2550 versibus'
868 2492 938 2567 rpsis
1164 2491 1201 2563 ,3

91 2593 95 2600 ·
174 2627 182 2650 y.
230 2581 342 2639 multa
356 2580 501 2638 elementa
513 2579 596 2639 vides
610 2581 1006 2654 multiscommuniaverbis,
1171 2591 1200 2661 Ὗ,

220 2690 318 2733 cum
333 2680 432 2729 tamen
446 2670 521 2729 inter
534 2689 566 2729 se
580 2689 680 2730 versus
694 2690 729 2729 ac
742 2672 832 2731 verba
845 2682 995 2732 necessest
1109 2680 1156 2744 825
1191 2686 1196 2697 ’

250 2761 408 2820 confiteare
423 2769 453 2820 et
468 2779 499 2819 re
514 2769 544 2820 et
558 2763 654 2821 sonitu
670 2762 777 2820 distare
791 2763 916 2822 sonanti.
1171 2753 1196 2772 ¹*
1214 2753 1221 2760 ’
1245 2759 1252 2769 ’

218 2876 224 2909 ι.
249 2861 363 2910 tantum
377 2852 523 2911 elementa
536 2863 648 2927 queunt
662 2863 827 2928 permutato
841 2854 946 2913 ordine
960 2854 1043 2927 solo;
1177 2919 1193 2935 „

226 2950 280 3007 at
292 2959 388 3000 rerum
403 2960 479 3018 quae
493 2953 561 3001 sunt
575 2943 742 3046 primordia,
757 2944 841 3020 plura
852 2944 993 3004 adhrbere
1071 2992 1075 3001 .
1160 2920 1185 3005 ἶ

14 3053 66 3108 (J
51 3075 100 3121 5,
127 3085 243 3138 „m
249 3041 372 3108 possunt
385 3032 465 3092 unde
480 3043 589 3108 queant
602 3034 698 3092 variae
713 3052 759 3092 res
773 3053 908 3110 quaeque
922 3034 1022 3093 creari
1048 3076 1057 3103 s
1128 3017 1161 3070 Ὗ
1177 3047 1194 3062 ”

84 3146 164 3188 a,
175 3164 231 3197 ι,
290 3123 379 3181 Nunc
395 3134 424 3182 et
438 3125 629 3212 Ananagorae
644 3134 806 3182 scrutemur
818 3125 1059 3184 homoeomerian
1107 3133 1157 3197 830

248 3231 339 3288 quam
353 3215 423 3274 Grai
437 3224 601 3273 memorant
615 3233 671 3273 nec
686 3224 785 3273 nostra
799 3214 897 3274 dicere
912 3215 1010 3292 lingua

209 3303 389 3367 concedit
402 3305 487 3365 nobis
501 3304 585 3381 patrii
600 3305 744 3363 sermonis
758 3314 881 3380 egestas,

118 3460 121 3468 ,
141 3461 163 3479 Ἴ
188 3381 302 3479 “ised
317 3403 418 3453 tamen
430 3395 524 3471 ipsam
537 3413 600 3452 rem
614 3395 726 3453 facilest
740 3413 887 3470 exponere
901 3396 1005 3455 verbis.

178 3531 186 3552 ‚s
248 3486 403 3564 principiO,
418 3503 514 3543 rerum
529 3503 620 3560 quom
634 3484 707 3543 dicit
721 3484 971 3559 homoeomerian,

83 3229 230 3325 ίι
