2792 4025
237 284 305 355 lV.]
475 286 530 338 DE
561 286 707 339 RERUM
735 287 907 341 NATURA
1082 292 1138 338 121

230 448 365 522 corporis
379 446 452 506 haec
466 448 606 524 quoniam
619 458 774 524 penetrant
787 468 841 525 per
854 469 917 509 rara
930 452 1068 526 cientque
1094 474 1141 525 730

235 548 352 596 tenvem
366 540 455 597 animi
469 550 601 597 naturam
616 541 694 597 intus
709 558 886 616 sensumque
901 543 1055 602 lacessunt.

234 629 397 687 Centauros
412 631 509 705 itaque
524 640 554 689 et
568 631 727 706 Scyllarum
741 634 872 691 membra
886 632 1020 691 videmus

234 719 453 794 Cerbereasque
467 738 574 778 canum
588 721 677 780 facies
691 722 903 797 simulacraque
918 741 1020 782 eorum

234 827 359 884 quorum
373 820 466 868 morte
480 811 561 869 obita
573 811 657 869 tellus
672 813 856 885 amplectitur
869 830 954 886 ossa3

233 918 323 958 omne
336 918 429 976 genus
443 902 582 976 quoniam
596 902 705 975 passim
720 902 873 960 simulacra
887 903 1025 976 seruntur,
1093 924 1139 978 735

233 991 336 1065 partim
352 1001 457 1066 sponte
471 1009 524 1048 sua
537 1008 613 1066 quae
627 992 701 1049 fiunt
715 992 781 1049 aere
796 992 826 1049 in
840 993 916 1066 ipso,

232 1082 338 1156 partim
352 1099 428 1155 quae
441 1082 526 1139 variis
539 1082 578 1139 ab
590 1082 677 1139 rebus
692 1100 819 1156 cumque
835 1082 979 1141 recedunt

233 1180 263 1228 et
276 1188 352 1245 quae
366 1171 498 1228 confiunt
512 1189 549 1227 ex
563 1171 667 1228 horum
681 1172 757 1229 lacta
772 1172 878 1247 figuris.

232 1279 302 1317 nam
316 1271 395 1318 certe
409 1279 447 1318 ex
460 1261 526 1319 vivo
541 1261 680 1319 Centauri
695 1279 756 1319 non
770 1262 803 1318 fit
816 1263 924 1337 image,

231 1351 310 1408 nulla
323 1351 376 1409 suit
390 1352 530 1426 quoniam
543 1352 607 1409 talis
621 1361 724 1409 natura
737 1352 911 1425 animantis;
1090 1376 1139 1425 740

231 1460 332 1499 verum
347 1442 396 1500 ubi
411 1443 480 1516 equi
493 1452 582 1516 atque
597 1442 724 1500 hominis
738 1460 807 1499 casu
822 1444 961 1501 convenit
975 1443 1082 1520 imago,

232 1530 374 1590 haerescit
388 1533 471 1590 facile
485 1532 642 1607 extemplo,
656 1532 740 1607 quod
754 1531 879 1591 diximus
893 1544 971 1605 ante,

231 1633 350 1697 propter
364 1624 499 1681 subtilem
512 1633 645 1680 naturam
660 1633 690 1680 et
704 1624 801 1680 tenvia
815 1633 903 1681 texta

231 1723 329 1771 cetera
342 1712 380 1771 de
394 1731 501 1789 genere
516 1713 575 1771 hoc
588 1713 693 1771 eadem
707 1714 820 1771 ratione
835 1724 978 1774 creantur.

230 1821 306 1879 quae
321 1822 389 1861 cum
403 1804 547 1862 mobiliter
559 1824 674 1862 summa
686 1805 803 1862 levitate
817 1806 955 1878 seruntur,
1091 1824 1137 1878 745

230 1904 263 1952 ut
277 1894 355 1970 prius
370 1894 494 1965 ostendi,
509 1894 593 1951 facile
607 1914 667 1953 uno
682 1905 851 1953 commovet
865 1896 925 1953 ictu

231 1984 379 2059 quaelibet
391 2002 451 2042 una
463 1984 594 2042 animum
607 1986 694 2043 nobis
709 1986 819 2045 subtilis
834 1986 930 2062 imago
941 2006 950 2061 ;

230 2076 324 2133 tenvis
338 2075 418 2132 enim
432 2092 517 2132 mens
531 2085 576 2132 est
589 2084 619 2132 et
632 2077 705 2132 mire
720 2076 835 2134 mobilis
849 2077 922 2152 ipsa.

272 2167 358 2222 Haec
372 2165 435 2222 fieri
448 2175 486 2222 ut·
494 2183 637 2237 memoro,
652 2165 735 2222 facile
750 2165 818 2222 hinc
833 2183 1012 2240 cognoscere
1027 2168 1130 2242 possis.

231 2265 376 2329 quatenus
390 2256 448 2312 hoc
463 2255 556 2312 simile
571 2265 614 2313 est
628 2255 676 2326 illi,
691 2254 775 2330 quod
789 2266 887 2314 mente
901 2256 1035 2316 videmus
1091 2277 1138 2328 750

231 2356 318 2420 atque
334 2348 435 2418 oculis,
451 2347 537 2404 simili
550 2347 612 2404 fieri
626 2346 739 2404 ratione
752 2363 874 2404 necesse
888 2356 941 2405 est.

229 2455 309 2494 nunc
325 2437 410 2512 igitur
424 2437 513 2495 docui
528 2437 668 2512 quoniam
684 2455 731 2494 me
746 2437 818 2494 forte
833 2437 951 2495 leonem

230 2545 348 2584 cernere
360 2545 413 2603 per
426 2528 590 2599 simulacra,
605 2527 708 2586 oculos
724 2545 928 2602 quaecumque
943 2528 1097 2601 lacessunt,

229 2618 302 2676 scire
316 2618 385 2675 licet
398 2627 528 2675 mentem
542 2619 626 2676 simili
640 2618 754 2675 ratione
768 2619 887 2690 moveri,

228 2725 282 2783 per
296 2708 448 2766 simulacra
460 2708 578 2766 leonem
593 2719 623 2766 et
636 2718 734 2766 cetera
748 2726 824 2783 quae
838 2708 918 2765 videt
932 2726 1027 2783 aeque
1089 2726 1135 2780 755

228 2817 285 2856 nec
299 2799 394 2856 minus
408 2809 496 2873 atque
510 2799 596 2871 oculi,
611 2799 666 2857 nisi
681 2798 763 2874 quod
778 2816 862 2874 mage
877 2800 974 2856 tenvia
988 2800 1089 2858 cernit.

228 2907 285 2946 nec
299 2890 411 2946 ratione
425 2889 488 2960 alia,
503 2908 572 2946 cum
586 2907 707 2948 somnus
722 2890 854 2948 membra
868 2889 1006 2964 profudit,

230 2997 314 3037 mens
328 2979 419 3036 animi
431 2980 537 3053 vigilat,
552 2980 607 3037 nisi
621 2979 703 3055 quod
717 2981 871 3038 simulacra
884 2981 1031 3038 lacessunt

229 3069 303 3127 haec
317 3069 423 3127 eadem
436 3079 551 3128 nostros
565 3071 678 3129 animos
693 3089 769 3146 quae
784 3090 853 3129 cum
866 3071 1025 3146 vigilamus,

228 3178 322 3234 usque
336 3159 422 3231 ade0‚
438 3170 517 3218 certe
532 3170 564 3217 ut
577 3160 730 3218 videamur
743 3179 863 3220 cernere
879 3180 948 3220 eum
962 3178 1052 3236 quem
1089 3165 1138 3227 760

228 3250 338 3307 rellicta
351 3250 409 3308 vita
422 3250 481 3308 iam
494 3269 573 3308 mors
587 3260 617 3308 et
630 3261 707 3308 terra
719 3252 849 3325 potitast.

229 3339 287 3397 hoc
302 3340 370 3398 ideo
385 3341 447 3398 fieri
461 3341 541 3415 cogit
554 3350 665 3415 natura,
681 3340 763 3415 quod
778 3359 881 3399 omnes

229 3431 359 3504 corporis
373 3430 472 3488 offecti
485 3449 587 3488 sensus
600 3449 654 3506 per
667 3433 799 3490 membra
813 3431 969 3506 quiescunt

228 3538 286 3578 nec
300 3531 423 3596 possunt
436 3521 538 3580 salsum
552 3522 627 3579 veris
640 3522 817 3580 convincere
831 3522 926 3580 rebus.
