2792 4025
277 289 338 353 130
607 283 839 339 LUCRETIUS
1109 284 1176 355 [tv.

272 465 324 505 seu
338 446 442 505 mulier
454 454 518 506 toto
533 446 643 504 iactans
656 463 674 503 e
688 462 812 520 corpore
826 462 966 515 amorem,

271 536 352 595 unde
366 538 474 609 feritur,
489 554 526 595 eo
541 536 635 594 tendit
648 536 793 611 gestitque
807 535 887 593 coire
1116 553 1176 607 1055

272 638 302 685 et
315 628 411 686 iacere
425 646 558 686 umorem
572 627 603 683 in
617 644 724 701 corpus
739 625 777 683 de
786 643 918 701 corpore
933 624 1064 685 ductum.

271 736 399 793 namque
412 718 591 793 voluptatem
605 717 749 791 praesagit
763 710 844 773 mut'a
857 715 975 790 cupido.

313 808 400 865 Haec
413 808 514 866 Venus
528 817 572 865 est
585 807 688 878 nobis;
707 806 775 864 hinc
789 815 914 863 autemst
927 824 1037 865 nomen
1052 806 1167 879 amoris

271 897 341 956 hinc
355 898 437 956 illaec
451 898 576 973 primurn
590 897 711 955 Veneris
725 895 888 955 dulcedinis
902 896 932 953 in
946 914 998 954 cor

271 989 386 1046 stillavit
398 999 480 1063 gutta
493 998 523 1045 et
536 988 676 1045 successit
690 986 794 1061 frigida
808 1004 885 1043 cura.
1114 994 1178 1044 1060

271 1097 339 1135 nam
354 1080 378 1136 si
392 1080 475 1137 abest
489 1077 570 1153 quod
584 1096 660 1148 aves,
675 1088 791 1151 praesto
805 1076 958 1134 simulacra
972 1086 1071 1135 tamen
1084 1089 1152 1137 sunt

271 1168 345 1226 illius
360 1178 389 1225 et
403 1186 512 1226 nomen
527 1167 614 1226 dulce
629 1168 798 1225 obversatur
812 1165 851 1224 ad
864 1167 948 1224 auris.

271 1257 325 1316 sed
339 1258 459 1334 fugitare
474 1257 562 1316 decet
576 1257 728 1316 simulacra
743 1266 772 1315 et
786 1257 892 1331 pabula
905 1258 1011 1315 amoris

272 1348 430 1407 absterrere
445 1349 501 1407 sibi
514 1359 602 1423 atque
616 1348 674 1405 alio
688 1358 857 1405 convertere
872 1357 1001 1405 mentem

272 1448 302 1496 et
315 1440 410 1496 iacere
424 1457 558 1496 umorem
572 1438 740 1495 conlectum
755 1437 785 1494 in
799 1455 923 1511 corpora
936 1455 1070 1513 quaeque
1114 1444 1175 1509 1065

272 1547 328 1586 nec
342 1530 465 1586 retinere
490 1528 581 1586 semel
595 1546 768 1586 conversum
783 1528 867 1585 unius
881 1545 989 1599 amore,

272 1630 303 1677 et
316 1637 429 1677 servare
444 1620 475 1677 si'
512 1637 612 1676 curam
626 1628 798 1693 certumque
813 1617 955 1676 dolorem.

272 1709 355 1767 ulcus
368 1711 447 1767 enim
462 1710 581 1767 vivescit
595 1718 625 1766 et
638 1709 821 1767 inveterascit
834 1708 943 1766 alendo
964 1734 966 1737 ·

271 1801 361 1874 inque
376 1799 439 1858 dies
453 1800 546 1875 gliscit
560 1800 639 1856 luror
651 1808 740 1874 atque
755 1817 896 1857 aerumna
908 1799 1061 1874 gravescit,

272 1892 296 1948 si
310 1908 371 1947 non
385 1891 478 1965 prima
492 1891 574 1947 novis
588 1890 744 1949 conturbes
758 1890 876 1947 volnera
890 1890 980 1965 plagis
1114 1908 1177 1955 1070

271 1981 480 2057 volgivagaque
495 1998 584 2056 vagus
598 1981 714 2038 Venere
729 1990 797 2038 ante
811 1980 940 2038 recentia
954 1997 1037 2038 cures

271 2083 322 2130 aut
335 2072 391 2130 alio
406 2073 500 2146 possis
513 2072 604 2129 animi
618 2070 771 2129 traducere
786 2082 892 2129 motus.

312 2163 341 2220 N
344 2181 379 2220 ec
393 2163 514 2220 Veneris
529 2162 622 2219 sructu
636 2171 716 2219 caret
731 2161 754 2219 is
768 2163 819 2236 qui
833 2162 902 2218 vitat
916 2179 1055 2232 amorem,

271 2252 324 2312 sed
339 2254 436 2328 potius
450 2270 525 2328 quae
540 2262 607 2310 sunt
621 2253 682 2309 sine
697 2270 796 2326 poena
809 2252 969 2310 commoda
983 2253 1088 2325 sumit;

271 2362 341 2401 nam
355 2355 434 2401 certe
448 2352 547 2418 purast
562 2343 638 2400 sanis
653 2342 744 2416 magis
759 2341 828 2400 inde
842 2343 977 2417 voluptas
1114 2360 1176 2415 1075

271 2453 360 2508 quam
375 2434 495 2492 miseris.
511 2433 620 2491 etenim
633 2432 769 2506 potiundi
783 2443 916 2508 tempore
931 2434 961 2490 in
975 2433 1040 2508 ipso

271 2525 392 2583 fluctuat
406 2525 522 2582 incertis
536 2524 679 2582 erroribus
693 2523 780 2580 ardor
794 2534 944 2580 amantum

271 2633 328 2673 nec
343 2623 459 2673 constat
472 2612 545 2688 quid
559 2613 684 2688 primum
699 2614 791 2671 oculis
806 2614 998 2688 manibusque
1012 2614 1150 2672 fruantur.

272 2703 354 2780 quod
368 2705 488 2780 petiere,
503 2713 640 2778 premunt
653 2713 714 2760 arte
730 2704 898 2777 faciuntque
913 2704 1045 2761 dolorem

273 2796 405 2870 corporis
419 2805 449 2852 et
463 2793 568 2851 dentes
582 2793 708 2852 inlidunt
722 2811 810 2869 saepe
825 2794 934 2852 labellis
1115 2801 1179 2852 1080

272 2886 431 2959 osculaque
445 2884 595 2958 adfligunt,
610 2885 754 2959 quianon
769 2894 812 2942 est
826 2902 898 2960 pura
911 2884 1044 2959 voluptas

273 2987 303 3034 et
316 2976 423 3034 stimuli
437 2975 559 3033 subsunt
572 2975 623 3049 qui
636 2975 774 3049 instigant
787 2974 902 3032 laedere
917 2974 948 3032 id
962 2976 1058 3050 ipsum

272 3066 483 3142 quodcumque
499 3075 552 3137 est,
566 3065 660 3123 rabies
674 3064 753 3122 unde
768 3065 850 3122 illaec
865 3066 995 3140 germina
1009 3074 1137 3140 surgunt

272 3156 326 3215 sed
340 3157 440 3214 leviter
453 3173 564 3230 poenas
578 3156 683 3230 frangit
696 3156 796 3212 Venus
811 3155 886 3212 inter
900 3174 1030 3214 amorem

271 3246 439 3320 blandaque
453 3246 578 3303 refrenat
591 3264 705 3302 morsus
719 3244 848 3302 admixta
861 3244 1003 3319 voluptas,
1115 3253 1178 3318 1085

272 3354 400 3411 namque
415 3337 444 3394 in
460 3354 496 3393 eo
511 3354 578 3411 spes
593 3344 645 3406 est,
660 3334 740 3392 unde
756 3344 800 3392 est
814 3334 923 3392 ardoris
938 3336 1030 3409 origo,

272 3427 411 3502 restingui
425 3444 543 3502 quoque
559 3443 645 3500 posse
659 3425 697 3482 ab
712 3423 818 3482 eodem
833 3442 956 3499 corpore
970 3425 1127 3484 flammam.

274 3517 356 3593 quod
370 3518 432 3575 fieri
446 3527 549 3575 contra
562 3525 658 3574 totum
671 3524 773 3572 natura
786 3526 929 3590 repugnat
940 3535 948 3588 ;
