2792 4025
222 306 295 377 111.]
462 308 517 360 DE
543 307 688 361 RERUM
715 305 888 360 NATURA
1084 293 1124 370 85

152 462 155 468 ’
220 470 315 530 omnis
329 478 359 528 et
372 467 445 527 haee
459 468 523 543 ipso
538 486 607 525 cum
621 486 743 543 corpore
758 467 975 540 conlabefiunt;
1047 532 1049 535 ¹
1078 473 1126 538 585

220 569 252 618 ut
265 561 378 635 gravior
391 559 478 634 paulo
492 560 583 634 possit
597 558 753 617 dissolvere
768 577 865 616 causa.

172 708 177 719 ,
220 650 292 726 quid
307 650 422 708 dubitas
435 648 555 707 tandem
569 650 641 724 quin
655 659 736 706 extra
749 649 865 724 prodita
878 666 986 723 corpus

220 741 356 800 inbecilla
369 741 445 799 foras
459 741 489 797 in
503 750 613 815 aperto,
629 741 758 814 tegmine
772 740 906 814 dempt0‚

219 851 281 890 non
295 830 387 890 modo
401 849 462 889 non
476 849 595 889 omnem
609 831 701 905 possit
715 830 818 888 durare
833 849 886 905 per
900 848 1013 899 aevom,

221 920 275 981 sed
288 922 441 979 minimum
455 920 579 995 quodvis
593 931 722 996 nequeat
736 922 894 979 consistere
909 922 1046 994 tempus?
1079 939 1128 991 590

137 1012 139 1017 ’
221 1030 310 1088 quare
325 1013 412 1070 etiam
427 1021 514 1086 atque
530 1012 617 1069 etiam
632 1012 759 1069 resoluto
774 1012 904 1085 corporis
919 1011 1000 1068 omni

221 1103 349 1178 tegmine
364 1112 394 1160 et
408 1102 507 1159 eiectis
522 1112 602 1159 extra
615 1101 750 1159 vitalibus
764 1102 840 1159 auris

223 1195 343 1253 dissolui
358 1212 459 1252 sensus
474 1194 563 1251 animi
577 1195 683 1251 fateare
698 1201 847 1251 necessest

221 1295 309 1361 atque
323 1285 461 1355 animam,
476 1284 615 1358 quoniam
630 1284 815 1341 coniunctast
829 1301 918 1341 causa
932 1282 1057 1341 duobus

181 1383 186 1392 '
262 1376 399 1450 Denique
413 1393 481 1433 cum
496 1392 602 1449 corpus
617 1382 746 1448 nequeat
759 1374 885 1449 perferre
899 1374 1006 1431 animai
1077 1392 1124 1445 595

222 1465 378 1525 discidium
392 1466 463 1540 quin
477 1466 507 1522 in
521 1474 614 1523 taetro
628 1465 759 1522 tabescat
773 1463 875 1535 odore,

221 1555 294 1633 quid
308 1555 423 1614 dubitas
438 1557 509 1630 quin
523 1573 560 1612 ex
574 1556 634 1613 imo
648 1555 824 1630 penitusque
839 1563 940 1612 coorta

223 1647 363 1706 emanarit
377 1646 419 1704 uti
433 1647 528 1703 sumus
543 1645 647 1702 diffusa
661 1646 775 1702 animae
789 1645 842 1716 vis,

221 1748 310 1812 atque
324 1736 393 1794 ideo
408 1746 488 1794 tanta
501 1746 644 1793 mutatum
659 1745 743 1811 putre
757 1735 840 1793 mina

222 1827 384 1886 conciderit
398 1845 513 1902 corpus,
527 1827 643 1901 penitus
658 1827 727 1901 quia
740 1836 822 1883 mota
834 1826 902 1884 loco
917 1836 985 1884 sunt
1080 1833 1130 1883 600

221 1917 421 1989 fundamenta,
435 1919 511 1974 foras
526 1917 623 1973 anima
637 1927 792 1974 emanante
806 1934 859 1991 per
872 1925 950 1975 artus

222 2028 332 2085 perque
347 2009 457 2067 viarum
472 2007 567 2066 omnis
582 2007 682 2080 flexus,
697 2007 866 2083 incorpore
881 2007 1023 2083 quisunt,

222 2110 310 2176 atque
324 2100 486 2157 foramina?
506 2098 686 2156 multimodis
701 2108 734 2156 ut
747 2117 871 2156 noscere
887 2100 982 2173 possis

223 2190 402 2266 dispertitam
416 2190 529 2247 animae
545 2198 677 2246 naturam
692 2190 786 2247 exisse
800 2206 854 2264 per
867 2199 947 2247 artus

222 2291 253 2339 et
265 2282 344 2356 prius
359 2298 422 2338 esse
437 2281 492 2338 sibi
506 2280 672 2337 distractam
688 2297 812 2353 corpore
826 2280 857 2336 in
871 2279 946 2353 ipso,
1080 2287 1128 2351 605

223 2390 311 2447 quam
325 2371 461 2447 prolapsa
474 2372 549 2429 foras
564 2380 664 2428 enaret
680 2370 710 2427 in
724 2370 797 2427 aeris
811 2387 904 2428 auras.

222 2480 279 2520 nec
293 2463 347 2521 sibi
361 2462 440 2519 enim
455 2462 609 2536 quisquam
625 2461 752 2518 moriens
767 2460 873 2518 sentire
887 2459 1003 2517 videtur

222 2553 264 2611 ire
278 2553 353 2611 foras
367 2553 495 2610 animam
510 2552 687 2609 incolumem
703 2550 741 2608 de
756 2569 881 2626 corpore
897 2561 960 2608 toto

223 2662 280 2702 nec
293 2643 372 2719 prius
386 2642 424 2700 ad
439 2642 567 2717 iugulum
583 2651 612 2699 et
626 2660 731 2717 supera
745 2641 904 2700 succedere
919 2642 1028 2713 fauces

222 2753 322 2793 verum
337 2733 463 2792 deficere
478 2734 508 2791 in
523 2742 602 2791 certa
614 2732 735 2807 regione
750 2732 896 2804 locatam,
1080 2741 1130 2790 610

223 2835 255 2882 ut
268 2843 369 2883 sensus
383 2825 453 2883 alios
467 2824 585 2899 inparti
599 2841 747 2899 quemque
761 2842 814 2881 sua
827 2823 881 2881 scit

224 2915 352 2974 dissolui.
367 2914 448 2989 quod
463 2916 487 2972 si
501 2915 659 2973 inmortalis
673 2924 773 2972 nostra
786 2915 860 2971 soret
874 2931 967 2985 mem,

223 3016 357 3065 nontam
372 3024 402 3063 se
417 3006 544 3064 moriens
558 3004 676 3063 dissolvi
691 3014 927 3079 conquereretur,

224 3096 277 3155 sed
291 3098 381 3171 magis
395 3096 435 3153 ire
450 3097 525 3155 foras
540 3105 711 3169 vestemque
726 3096 899 3168 relinquere,
918 3102 948 3151 ut
963 3095 1073 3169 anguis

264 3188 400 3261 Denique
415 3205 466 3243 cur
480 3186 569 3243 animi
583 3203 744 3259 numquam
756 3202 838 3242 mens
851 3184 1064 3257 consiliumque
1078 3191 1126 3255 615

222 3277 348 3353 gignitur
361 3277 390 3334 in
405 3277 564 3352 capiteaut
576 3275 702 3352 pedibus
717 3275 897 3345 manibusve,
914 3274 967 3333 sed
983 3274 1048 3332 unis

223 3368 342 3425 sedibus
357 3377 386 3425 et
400 3368 485 3425 certis
498 3367 664 3442 regionibus
681 3367 818 3424 omnibus
832 3365 943 3437 haeret,

223 3459 247 3518 si
260 3476 322 3518 nou
336 3468 416 3516 certa
429 3459 495 3517 loca
508 3458 546 3516 ad
558 3456 742 3516 nascendum
756 3455 871 3514 reddita
885 3457 992 3530 cuique

224 3559 300 3624 sunt,
315 3560 345 3610 et
359 3549 408 3609 ubi
423 3548 564 3625 quicquid
578 3548 670 3625 possit
685 3547 788 3605 durare
804 3556 943 3620 creatum,
