2792 4025
238 297 278 349 Vl
296 296 307 367 ]
482 297 537 349 DE
563 296 708 349 RERUM
735 295 907 349 NATURA
1085 285 1143 365 187

237 456 350 515 semina
363 456 471 515 babere
485 475 572 515 cavas
586 458 678 515 nubes
693 467 723 514 et
737 456 828 515 multa
842 467 991 517 necessest

237 549 394 623 concipere
408 567 445 605 ex
459 548 528 607 solis
542 547 627 605 radiis
641 547 806 622 ardoreque
821 566 933 608 eorum.

237 639 294 695 hoc
309 638 358 697 ubi
370 648 475 698 ventus
489 657 538 695 eas
554 638 633 695 idem
647 640 698 713 qui
712 639 791 713 cogit
806 639 835 695 in
850 658 941 697 unum

235 729 309 786 forte
325 731 420 787 locum
436 729 575 803 quemvis,
591 730 732 803 expressit
746 730 835 786 multa
849 731 963 805 vaporis

235 818 348 877 semina
361 837 451 893 seque
466 819 550 876 simul
564 838 631 876 cum
646 836 683 877 eo
697 820 883 878 commiscuit
898 822 966 897 igni,

235 908 395 967 insinuatus
409 909 449 967 ibi
464 921 564 967 vortex
578 920 706 966 versatur
720 910 755 982 in,
763 919 827 967 arto

235 1009 265 1057 et
278 998 380 1057 calidis
394 1001 472 1057 acuit
486 1000 595 1057 fulmen
610 999 775 1056 fornacibus
791 1000 876 1059 intus.

234 1108 304 1147 nam
318 1089 428 1165 duplici
441 1093 552 1147 ratione
566 1088 745 1159 accenditur,
760 1090 822 1163 ipse
837 1109 889 1148 sua
902 1109 971 1149 curn

235 1180 395 1239 mobilitate
409 1180 527 1238 calescit
541 1189 571 1237 et
585 1197 602 1237 e
617 1180 789 1254 contagibus
805 1176 896 1254 ignis(

234 1269 304 1328 inde
320 1271 367 1329 ubi
382 1271 524 1345 percaluit
539 1271 617 1327 venti
632 1269 674 1327 vis
688 1279 719 1327 et
732 1271 824 1345 gravis
840 1271 913 1345 ignis

234 1360 361 1436 impetus
375 1361 503 1431 incessit,
518 1369 663 1418 maturum
676 1369 740 1417 tum
754 1361 836 1435 quasi
851 1361 960 1419 fulmen

232 1451 393 1529 perscindit
406 1452 502 1511 subito
516 1453 636 1524 nubem,
650 1453 797 1526 ferturque
812 1452 939 1511 coruscis
977 1483 982 1491 ·

233 1544 333 1601 omnia
346 1542 502 1601 luminibus
516 1544 638 1600 lustrans
653 1543 719 1601 loca
733 1542 858 1618 percitus
873 1542 967 1601 ardor.

232 1650 320 1707 quem
336 1634 428 1709 gravis
443 1634 603 1708 insequitur
616 1632 736 1703 sonitus,
752 1632 880 1708 displosa
894 1644 1014 1708 repente
1091 1641 1136 1706 285

232 1724 398 1799 opprimere
413 1734 445 1783 ut
458 1725 530 1782 caeli
545 1723 677 1782 videatur
690 1724 800 1799 templa
814 1719 949 1799 superne.

197 1865 203 1875 .
231 1814 301 1873 inde
316 1826 425 1873 tremor
439 1828 527 1873 terras
540 1816 664 1890 graviter
676 1823 854 1890 pertemptat
870 1824 900 1873 et
914 1816 1003 1873 altum

231 1924 379 1963 murmura
392 1916 563 1981 percurrunt
578 1907 711 1977 caelum;
735 1924 803 1963 nam
818 1915 879 1963 tota
893 1906 952 1963 fere
967 1916 1029 1963 tum

230 2004 390 2071 tempestas
405 2015 548 2056 concussa
562 1999 656 2055 tremit
672 1996 860 2071 fremitusque
874 2008 1035 2056 moventur.

230 2103 291 2161 quo
306 2086 344 2145 de
359 2105 504 2146 concussu
517 2088 647 2161 sequitur
661 2089 754 2163 gravis
767 2087 862 2145 imber
875 2097 905 2145 et
919 2088 999 2159 uber,

230 2177 326 2235 omnis
339 2178 380 2235 uti
394 2176 527 2234 videatur
540 2177 575 2233 in·
583 2177 706 2234 imbrem
720 2177 824 2235 vertier
837 2178 938 2236 aether

230 2276 318 2341 atque
333 2268 373 2325 ita
386 2267 578 2342 praecipitans
592 2265 632 2323 ad
645 2266 781 2324 diluviem
796 2268 942 2325 revocari:

230 2367 327 2416 tantus
342 2357 468 2415 discidio
486 2357 572 2415 nubis
586 2357 722 2431 ventique
738 2359 865 2432 procella

230 2449 360 2519 mittitur,
375 2447 487 2506 ardenti
502 2449 613 2506 sonitus
627 2466 695 2505 cum
710 2449 843 2523 provolat
858 2449 927 2508 ictu.

231 2548 276 2596 est
289 2539 377 2596 etiam
392 2557 460 2596 cum
474 2539 517 2596 vis
532 2539 710 2596 extrinsecus
725 2539 813 2596 incita
827 2541 904 2596 venti

230 2628 332 2687 incidit
346 2631 376 2687 in
390 2628 515 2687 calidam
529 2639 644 2687 maturo
658 2630 777 2688 fulmine
792 2631 900 2688 nubem
913 2650 921 2702 ;

230 2737 320 2795 quam
334 2739 403 2779 curn
416 2719 565 2796 perscidit,
580 2721 729 2795 extemplo
744 2719 822 2778 cadit
836 2721 939 2795 igneus
955 2719 999 2778 ille

230 2821 329 2868 vertex
343 2829 433 2885 quem
447 2811 541 2886 patrio
554 2810 717 2869 vocitamus
731 2812 850 2870 nomine
865 2812 984 2871 fulmen.

230 2901 289 2959 hoc
303 2902 334 2958 tit
349 2901 428 2959 idem
442 2901 473 2959 in
487 2901 575 2976 partis
589 2901 667 2969 alias,
683 2920 871 2977 quocumque
886 2903 949 2960 tulit
962 2902 1015 2961 vis.

230 2992 263 3049 fit
277 3009 395 3066 quoque
409 3002 442 3049 ut
456 2991 603 3050 interdum
616 2994 696 3050 venti
710 2993 753 3050 vis
768 2994 855 3050 missa
869 2993 932 3051 sine
947 2993 1007 3068 igni
1087 3013 1136 3064 300

211 3134 214 3139 .
230 3083 352 3157 igniscat
366 3091 465 3140 tamen
480 3083 509 3140 in
523 3083 618 3157 spatio
632 3083 782 3158 longoque
796 3094 903 3154 meatu,

230 3172 301 3230 dum
316 3173 403 3242 venit,
419 3173 553 3231 amittens
568 3174 598 3230 in
612 3192 697 3231 cursu
711 3193 836 3249 corpora
850 3173 996 3249 quaedam

230 3262 350 3339 grandia
363 3281 438 3338 quae
453 3273 604 3338 nequeunt
617 3265 725 3339 pariter
737 3277 889 3340 penetrare
904 3282 958 3339 per
970 3281 1073 3337 auras3

229 3362 318 3427 atque
331 3353 387 3411 alia
401 3371 437 3411 ex
452 3353 516 3428 ipso
531 3353 695 3412 conradens
709 3355 775 3412 aere
790 3364 886 3429 portat

228 3444 347 3519 parvola
360 3462 436 3520 quae
451 3443 560 3503 faciunt
574 3445 671 3520 ignem
686 3445 845 3502 commixta
859 3442 1007 3516 voland03
1087 3461 1133 3514 305

228 3553 289 3593 non
302 3535 358 3594 alia
371 3536 457 3611 longe
471 3536 583 3595 ratione
597 3554 633 3594 ac
645 3535 784 3611 plumbea
798 3553 886 3610 saepe
