2792 4025
281 276 339 338 128
610 287 843 342 nuenarrus
1114 284 1182 357 [iv.

274 459 342 509 ante
356 449 467 521 oculos,
481 450 570 508 etiam
583 449 735 525 vigilantes
748 458 781 507 ut
793 448 946 507 videantur

273 558 394 599 cernere
408 540 538 598 saltantis
551 550 582 598 et
595 540 693 598 mollia
707 540 839 598 membra
852 540 997 599 moventis
1132 545 1183 612 980

274 641 304 689 et
318 630 444 689 citharae
459 630 602 705 liquidum
616 648 735 687 carmen
750 629 933 705 chordasque
948 630 1094 705 loquentis

273 722 390 779 auribus
405 722 539 796 accipere
554 731 584 778 et
598 738 769 779 consessum
783 738 902 778 cernere
918 720 1047 779 eundem

274 812 433 885 scenaique
447 811 532 869 simul
546 811 640 868 varios
654 810 809 885 splendere
824 809 957 868 decores.

274 920 366 976 usque
380 901 457 960 adeo
471 901 569 976 magni
583 900 670 958 refert
683 899 813 959 studium
827 910 914 974 atque
929 901 1072 975 voluptas,

274 1002 304 1049 et
318 993 424 1066 quibus
438 993 469 1049 in
482 992 568 1049 rebus
582 992 751 1048 consuerint
765 1008 828 1047 esse
843 990 955 1065 operati

273 1100 334 1139 non
349 1079 484 1140 homines
497 1081 592 1139 solum
606 1080 660 1138 sed
673 1098 743 1138 vero
757 1081 892 1137 animalia
905 1090 1020 1139 cuncta.

273 1173 383 1248 qnippe
397 1172 510 1230 videbis
525 1189 617 1247 equos
632 1171 722 1242 fortis,
737 1189 805 1228 cum
821 1171 953 1229 membra
966 1171 1113 1242 iacebunt,

273 1263 304 1321 in
318 1264 426 1321 somnis
441 1262 545 1320 sudare
560 1272 660 1319 tamen
674 1262 840 1337 spirareque
856 1278 972 1335 semper

273 1362 303 1411 et
317 1353 400 1427 qnasi
414 1352 453 1409 de
467 1352 564 1427 palma
578 1370 707 1409 summas
721 1349 901 1409 contendere
915 1351 981 1409 viris

273 1453 324 1501 aut
338 1443 419 1517 quasi
433 1443 598 1500 carceribus
612 1442 765 1516 patefactis

272 1543 489 1607 venantumque
504 1550 592 1590 canes
607 1533 637 1589 in
651 1532 732 1589 molli
747 1548 834 1607 saepe
849 1531 947 1606 quiete

273 1623 381 1681 iactant
396 1641 479 1680 crura
491 1632 591 1680 tamen
606 1623 701 1680 subito
716 1639 863 1696 vocesque
878 1630 1000 1696 repente

272 1713 391 1771 mittunt
405 1723 435 1771 et
448 1713 552 1771 crebro
567 1712 735 1770 redducunt
749 1713 865 1769 naribus
880 1730 973 1783 auras,

272 1812 306 1860 ut
320 1804 440 1877 vestigia
454 1804 476 1860 si
492 1813 611 1861 teneant
625 1804 744 1860 inventa
758 1803 891 1875 ferarum,

273 1894 528 1969 expergefactique
542 1904 681 1951 secuntur
694 1894 791 1950 inania
804 1910 893 1967 saepe
1131 1910 1180 1967 995

273 2002 426 2043 cervorum
440 1984 601 2056 simulacra,
616 1984 701 2060 fugae
716 1984 799 2060 quasi
814 1983 915 2042 dedita
929 1991 1059 2057 cemant‚

273 2075 371 2133 donec
386 2075 522 2132 discussis
537 2074 659 2132 redeant
673 2076 818 2133 erroribus
832 2074 871 2133 ad
885 2090 926 2132 se.

272 2175 303 2223 at
317 2175 459 2223 consueta
473 2165 555 2223 domi
569 2166 733 2223 catulorum
748 2164 856 2224 blanda
869 2184 1001 2242 propago

273 2255 418 2314 discutere
434 2265 463 2313 et
477 2274 584 2331 corpus
599 2255 637 2313 de
652 2266 728 2313 terra
741 2256 886 2330 corripere
902 2258 1011 2316 instant
1131 2279 1182 2330 999

272 2345 397 2422 proinde
412 2347 495 2422 quasi
508 2347 622 2422 ignotas
637 2347 725 2403 facies
740 2356 827 2420 atque
842 2364 892 2404 ora
907 2357 1032 2407 tuantur.
1118 2367 1181 2416 1004

273 2447 303 2494 et
317 2455 377 2512 quo
391 2455 526 2511 quaeque
541 2437 633 2512 magis
647 2447 715 2494 sunt
729 2455 831 2512 aspera
845 2438 1044 2510 seminiorum‚

272 2537 333 2585 tani
349 2528 439 2602 magis
454 2528 608 2585 insomnis
624 2527 731 2585 eadem
746 2528 855 2586 saevire
870 2539 1031 2586 necessust.

272 2627 303 2676 at
315 2619 411 2676 variae
425 2618 539 2692 fugiunt
552 2618 684 2676 volucres
698 2619 854 2694 pinnisque
872 2628 993 2694 repente

272 2708 428 2766 sollicitant
441 2708 541 2766 divom
555 2717 700 2766 nocturno
715 2719 848 2785 tempore
863 2710 953 2781 lucos

272 2799 427 2874 accipitres
442 2816 547 2857 somno
561 2798 591 2856 in
606 2799 663 2856 leni
678 2801 702 2858 si
717 2801 828 2876 proelia
842 2819 954 2876 pugnas

273 2889 362 2947 edere
377 2899 443 2946 sunt
458 2899 655 2964 persectantes
669 2891 807 2965 visaeque
821 2892 962 2949 volantes.
1117 2911 1181 2947 1010

272 2996 362 3055 porro
376 2978 529 3038 hominum
543 2991 667 3054 mentes,
682 2982 796 3056 magnis
811 3000 886 3056 quae
901 2981 1027 3040 motibus
1042 2978 1134 3038 edunt

273 3090 390 3148 magna,
407 3072 507 3131 itidem
523 3092 612 3149 saepe
627 3076 782 3132 insomnis
797 3075 965 3149 faciuntque
979 3083 1153 3150 geruntque‚

273 3181 357 3238 reges
372 3175 549 3239 expugnant,
564 3165 728 3240 capiuntur,
743 3166 854 3241 proelia
867 3166 999 3236 miscent,

273 3254 379 3312 tollunt
392 3254 551 3314 clamorem
566 3256 649 3331 quasi
663 3256 687 3314 si
702 3256 865 3330 iugulentur
881 3255 1002 3314 ibidem.

273 3343 358 3401 multi
372 3343 544 3420 depugnant
557 3346 743 3421 gemitusque
758 3344 906 3403 doloribus
920 3345 1012 3404 edunt
1118 3361 1180 3414 1015

274 3444 305 3494 et
318 3435 401 3509 quasi
414 3437 574 3509 pantherae
589 3454 687 3493 morsu
703 3436 816 3493 saevive
830 3436 923 3493 leonis

276 3525 452 3589 mandantur
464 3528 578 3603 magnis
592 3527 766 3585 clamoribus
780 3526 880 3586 omnia
893 3525 1051 3601 complent.
