2792 4025
235 299 303 370 vt]
480 300 535 353 oa
562 300 709 354 RERUM
737 298 908 355 NATURA
1084 290 1146 371 189

235 469 266 519 et
278 458 387 518 validas
401 469 489 536 auget
501 460 568 518 viris
582 469 613 519 et
626 461 743 518 roborat
758 460 857 521 ictum.

235 569 304 608 nam
319 552 386 609 facit
399 561 432 609 ut
445 569 520 625 quae
534 552 591 609 sint
606 551 678 610 illius
692 552 805 610 semina
818 569 946 627 cumque

236 659 253 697 e
266 642 386 716 regione
400 642 498 699 locum
513 642 596 716 quasi
608 642 639 700 in
654 660 745 699 unum
759 653 866 699 cuncta
880 643 1016 717 ferantur,

236 733 337 789 omnia
351 733 500 789 coniciens
516 733 545 789 in
559 751 627 789 eum
642 733 786 790 volventia
800 752 926 793 cursum.
1095 750 1143 811 345

237 822 356 879 forsitan
371 841 408 879 ex
421 822 486 897 ipso
501 824 621 881 veniens
634 822 729 881 trahat
741 823 808 880 aiire
822 823 969 898 quaedam

238 930 362 986 corpora
375 930 451 987 quae
465 913 557 988 plagis
570 911 733 971 incendunt
747 914 948 973 mobilitatem.

238 1002 451 1077 incolumisque
465 1004 544 1060 venit
558 1021 611 1077 per
623 1020 670 1061 res
684 1012 773 1078 atque
788 1003 899 1078 integra
912 1004 1014 1063 transit

183 1123 185 1128 ·
236 1093 338 1163 multa,
354 1093 541 1151 foraminibus
556 1092 682 1167 liquidus
696 1093 768 1168 quia
780 1094 935 1153 transvolat
950 1094 1034 1169 ignis.

236 1183 387 1257 multaque
401 1183 561 1258 perfringit,
578 1200 646 1240 cum
660 1201 786 1257 corpora
799 1183 925 1241 fulminis
939 1184 1004 1259 ipsa
1096 1203 1146 1255 350

237 1274 408 1347 corporibus
423 1292 520 1331 rerum
534 1272 709 1343 inciderunt,
724 1292 783 1348 qua
797 1283 877 1331 texta
890 1284 1035 1334 tenentur.

217 1416 221 1423 .
237 1364 370 1421 dissoluit
385 1382 472 1439 porro
487 1364 570 1421 facile
584 1382 634 1421 aes
647 1382 810 1438 aurumque
824 1373 946 1439 repente

236 1454 452 1525 confervefacit,
467 1472 484 1512 e
498 1454 593 1529 parvis
606 1454 677 1529 quia
689 1455 767 1513 facta
781 1455 892 1513 minute

236 1545 408 1619 corporibus
421 1545 463 1602 vis
477 1555 522 1603 est
536 1555 566 1602 et
579 1544 689 1604 levibus
704 1562 741 1602 ex
755 1534 918 1618 elementis,

236 1653 312 1711 quae
327 1636 410 1693 facile
426 1635 605 1693 insinuantur
617 1646 649 1693 et
663 1635 807 1693 insinuata
820 1646 942 1710 repente
1096 1651 1145 1708 355

236 1724 398 1784 dissoluont
413 1725 509 1785 nodos
523 1725 619 1784 omnis
633 1735 664 1785 et
677 1726 773 1784 vincla
786 1726 924 1785 relaxant.

236 1827 437 1891 autumnoque
451 1817 543 1892 magis
557 1817 645 1874 stellis
659 1816 835 1891 fulgentibus
850 1826 920 1890 apta

237 1908 404 1965 concutitur
417 1907 491 1964 caeli
505 1906 612 1965 domus
626 1906 756 1982 undique
771 1916 890 1981 totaque
905 1906 998 1980 tellus,

238 2007 349 2056 etcum
365 2007 497 2073 tempora
510 2015 542 2056 se
557 1997 630 2056 veris
645 1997 778 2056 florentia
791 1996 935 2072 pandunt.

236 2089 342 2162 frigore
356 2088 436 2145 enim
451 2087 556 2145 desunt
570 2089 653 2163 ignes
667 2089 807 2163 uentique
821 2089 918 2146 calore
1095 2095 1146 2158 360

238 2177 380 2235 deficiunt
394 2196 491 2252 neque
505 2188 574 2235 sunt
587 2188 647 2235 tarn
660 2178 755 2236 denso
770 2196 893 2252 corpore
908 2179 1011 2238 nubes.

237 2269 450 2343 interutrasque
464 2267 549 2343 igitur
562 2287 631 2326 curn
644 2268 717 2326 caeli
733 2279 866 2343 tempora
880 2277 1025 2340 constant,

236 2367 299 2416 tum
313 2359 408 2416 variae
422 2377 527 2416 causae
541 2369 720 2416 concurrunt
734 2359 860 2416 fulminis
875 2377 988 2417 omnes.

236 2467 306 2506 nam
320 2449 409 2507 fretus
422 2449 485 2524 ipse
499 2449 566 2506 anni
583 2449 740 2523 permiscet
754 2449 841 2524 frigus
857 2459 887 2506 et
901 2459 1024 2520 aestum,

236 2557 361 2615 quorum
369 2549 523 2615 utrumque
531 2549 657 2615 opusest
665 2538 877 2598 fabricandaad
886 2540 1006 2598 fulmina
1012 2540 1091 2613 nubi,
1096 2547 1143 2612 365

236 2640 270 2687 ut
284 2628 431 2689 discordia
444 2629 480 2688 sit
494 2648 590 2688 rerum
604 2647 771 2704 magnoque
785 2630 911 2688 tumultu

236 2719 351 2796 ignibus
364 2730 395 2779 et
408 2721 500 2778 ventis
515 2720 685 2778 furibundus
701 2720 821 2779 fluctuet
834 2725 893 2780 aer.

236 2811 331 2887 prima
344 2811 447 2869 caloris
461 2811 540 2868 enirn
555 2829 620 2886 pars
635 2820 665 2868 et
679 2820 828 2886 postrema
840 2811 951 2886 rigoriS,

236 2910 354 2976 tempus
367 2900 399 2958 id
411 2911 456 2959 est
469 2919 590 2959 remum
602 2920 610 2972 ;
628 2920 718 2976 quare
734 2919 862 2976 pugnare
877 2909 1026 2960 necessest

236 2991 381 3050 dissimilis
394 3010 440 3050 res
455 2992 528 3050 inter
540 3010 572 3049 se
586 2992 760 3066 turbareque
775 2993 887 3050 mixtas.
1096 3011 1146 3061 3⁷0

238 3092 269 3140 et
283 3083 362 3139 calor
375 3091 522 3139 extremus
536 3081 631 3156 primo
645 3100 714 3140 cum
728 3082 831 3157 frigore
846 3082 952 3140 mixtus

236 3172 368 3242 volvitur,
382 3173 514 3230 autumni
529 3172 610 3247 quod
625 3173 712 3230 fertur
725 3173 845 3230 nomine
859 3183 985 3249 tempus,

237 3263 286 3321 hic
301 3281 420 3338 quoque
434 3263 594 3338 confligunt
608 3263 720 3322 hiemes
734 3263 892 3322 aestatibus
906 3281 999 3322 acres.

237 3364 394 3430 propterea
407 3354 480 3411 freta
492 3364 560 3411 sunt
573 3354 646 3411 haec
661 3354 730 3412 anni
746 3354 958 3426 norninitanda,

237 3463 295 3503 nec
310 3445 452 3515 mirumst,
467 3445 497 3502 in
512 3462 549 3501 eo
563 3445 587 3502 si
601 3454 735 3520 ternpore
750 3445 874 3519 plurima
887 3445 960 3501 fiunt
1096 3457 1144 3514 375

237 3535 361 3596 fulmina
373 3545 589 3611 tempestasque
603 3536 696 3595 cietur
709 3535 826 3595 turbida
838 3535 932 3609 cae10,
