2792 4025
227 272 292 345 lv.]
466 275 521 327 DE
548 274 694 328 RERUM
723 274 896 327 NATURA
1072 275 1128 338 129

223 437 306 495 multi
320 437 359 496 de
372 438 484 514 magnis
497 456 551 513 per
562 455 700 496 somnum
713 438 796 497 rebu'
810 438 970 514 loquuntur

223 527 393 604 indicioque
408 530 451 587 sui
465 529 534 587 sacti
547 546 688 605 persaepe
703 528 793 588 suere.

222 617 306 675 multi
321 629 445 677 mortem
458 620 578 678 obeunt.
592 619 685 690 multi,
701 618 740 677 de
754 620 903 680 montibus
919 620 984 679 altis
1067 642 1130 679 1020

223 717 256 765 ut
270 708 319 782 qui
333 710 526 784 praecipitent
540 709 578 767 ad
592 720 698 769 terram
713 727 837 785 corpore
851 720 924 782 toto,

223 807 411 857 extemantur
424 810 453 857 et
468 818 505 857 ex
518 818 623 859 somno
637 802 722 875 quasi
735 798 874 859 mentibu’
889 800 968 876 capti

222 890 271 947 vix
284 889 324 947 ad
337 907 369 948 se
383 889 507 947 redeunt
521 891 648 965 permoti
662 892 792 965 corporis
807 901 899 949 aestu.

222 979 332 1037 flumen
346 980 417 1038 item
431 980 531 1037 sitiens
545 990 595 1037 aut
608 981 720 1038 fontem
735 991 855 1055 propter
869 997 1027 1038 amoenum

222 1068 338 1127 adsidet
352 1080 381 1127 et
395 1080 489 1128 toturn
503 1087 596 1145 prope
611 1071 742 1128 saucibus
757 1080 884 1145 occupat
897 1088 1024 1128 amnem.
1068 1088 1129 1143 1025

224 1160 289 1234 puri
302 1178 391 1235 saepe
405 1160 502 1218 lacum
516 1170 635 1235 propter
648 1160 672 1219 si
685 1178 721 1217 ac
736 1159 816 1218 dolia
829 1170 910 1218 curta

223 1268 329 1308 somno
347 1250 476 1308 devincti
489 1249 613 1308 credunt
627 1268 658 1309 se
673 1250 811 1308 extollere
825 1259 946 1321 vestem,

222 1341 311 1398 totius
325 1358 459 1399 umorem
472 1351 620 1399 saccatum
636 1340 761 1416 corpori’
776 1339 911 1411 fundunt,

222 1448 291 1488 cum
305 1431 484 1506 Babylonica
497 1431 654 1506 magnifico
668 1430 825 1505 splendore
839 1430 975 1505 rigantur.

222 1531 286 1579 turn
300 1523 407 1597 quibus
420 1522 522 1580 aetatis
536 1522 609 1580 freta
621 1522 755 1596 primitus
770 1521 931 1579 insinuatur
1067 1540 1130 1591 1030

222 1630 333 1683 semen,
348 1612 399 1671 ubi
412 1612 476 1688 ipsa
489 1612 553 1671 dies
566 1612 706 1671 membris
719 1622 832 1669 matura
845 1610 963 1683 creavit,

222 1702 402 1761 conveniunt
415 1703 569 1761 simulacra
583 1703 681 1761 forise
696 1720 820 1777 corpore
834 1719 954 1776 quoque

222 1794 324 1851 nuntia
336 1793 477 1868 praeclari
490 1794 585 1851 voltus
599 1793 771 1869 pulchrique
786 1793 901 1864 coloris,

223 1884 273 1958 qui
287 1884 346 1941 ciet
357 1884 476 1941 inritans
490 1884 557 1941 loca
569 1883 683 1959 turgida
697 1884 809 1941 semine
823 1884 925 1955 multo,

223 1984 256 2031 ut
269 1974 352 2049 quasi
366 1975 516 2033 transactis
530 1992 618 2049 saepe
630 1975 760 2034 omnibu'
776 1974 856 2033 rebu'
871 1970 1050 2049 profundant
1067 1989 1128 2044 1035

224 2063 350 2122 fluminis
365 2064 490 2138 ingentis
505 2063 609 2122 fluctus
623 2076 794 2139 vestemque
808 2073 971 2124 cruentent.

264 2155 437 2213 Sollicitatur
451 2153 484 2211 id
498 2154 529 2212 in
543 2153 638 2226 nobis,
652 2153 735 2228 quod
749 2153 875 2211 diximus
889 2164 957 2210 ante

223 2264 335 2318 semen,
350 2244 450 2302 adulta
462 2254 541 2302 aetas
556 2263 623 2301 cum
637 2244 764 2318 primum
778 2244 895 2301 roborat
909 2254 995 2301 artus.

222 2354 352 2411 namque
366 2337 436 2394 alias
449 2333 528 2394 aliud
542 2353 588 2393 res
602 2344 770 2392 commovet
784 2343 871 2408 atque
885 2333 1020 2406 lacessit3

223 2444 261 2485 ex
274 2427 395 2485 homine
409 2427 571 2485 humanum
585 2442 688 2483 semen
702 2425 759 2483 ciet
772 2443 831 2482 una
844 2423 970 2482 hominis
983 2424 1036 2482 vis.
1068 2443 1131 2492 1040

222 2516 304 2593 quod
318 2518 404 2576 simul
418 2528 506 2594 atque
520 2517 579 2575 suis
593 2516 721 2575 eiectum
735 2514 853 2574 sedibus
867 2514 936 2586 exit,

222 2625 275 2684 per
288 2608 421 2666 membra
434 2619 523 2683 atque
536 2617 614 2666 artus
628 2605 747 2665 decedit
761 2622 883 2681 corpore
897 2612 961 2664 toto

222 2699 253 2756 in
266 2699 332 2756 loca
345 2700 524 2757 conveniens
537 2716 692 2756 nervorum
707 2705 787 2754 certa
800 2696 917 2770 cietque

223 2790 365 2846 continuo
374 2790 466 2864 partis
480 2790 613 2864 genitalis
627 2788 757 2864 corporis
771 2787 857 2861 ipsas.

222 2879 337 2936 inritata
350 2890 464 2937 tument
477 2879 544 2938 loca
557 2880 669 2937 semine
683 2880 775 2954 fitque
789 2878 922 2936 voluntas
1067 2891 1129 2947 ¹045

223 2970 319 3027 eicere
333 2969 364 3026 id
378 2988 438 3045 quo
452 2988 484 3028 se
498 2969 652 3027 contendit
666 2970 730 3028 dira
743 2968 854 3039 lubid0‚
953 3028 955 3032 ,

222 3058 312 3134 idque
327 3061 400 3135 petit
413 3079 529 3135 corpus,
544 3079 628 3118 mens
642 3059 723 3118 unde
737 3070 781 3118 est
796 3058 894 3117 saucia
907 3075 1017 3116 amore.

223 3166 352 3225 namque
366 3168 470 3208 omnes
484 3151 655 3225 plerumque
670 3149 780 3208 cadunt
794 3151 824 3207 in
838 3148 941 3206 vulnus
956 3157 986 3205 et
999 3146 1077 3204 illam

224 3239 330 3297 emicat
344 3239 374 3297 in
387 3251 500 3315 partem
515 3241 630 3316 sanguis
645 3239 724 3298 unde
739 3240 844 3297 icimur
857 3240 927 3309 ictu,
1068 3251 1131 3304 1050

224 3339 255 3388 et
268 3330 292 3387 si
307 3331 471 3389 comminus
485 3340 537 3402 est,
552 3331 667 3389 hostem
681 3329 768 3388 ruber
781 3339 909 3404 occupat
922 3344 1016 3386 umor.

224 3418 268 3478 sic
281 3420 367 3495 igitur
379 3421 502 3479 Veneris
516 3421 566 3496 qui
580 3421 643 3479 telis
658 3420 765 3495 accipit
779 3420 863 3489 ictus,

225 3509 285 3568 sive
298 3528 372 3587 puer
385 3511 523 3569 membris
537 3511 725 3571 muliebribus
739 3509 819 3568 hunc
832 3507 972 3567 iaculatur

672 3621 690 3674 9
