2792 4025
231 254 298 351 vr]
475 280 531 332 nr:
556 280 703 333 nsnurr
731 281 903 335 NATURA
1079 270 1139 349 183

272 442 326 499 Est
339 440 427 499 etiam
440 440 524 514 ratio,
538 458 607 498 cum
620 441 700 498 venti
715 440 813 499 nubila
826 440 958 516 perflant,

230 541 262 589 ut
276 532 387 590 sonitus
401 531 518 589 faciant.
532 530 643 589 etenim
657 549 772 589 ramosa
785 530 918 590 videmus

230 622 330 681 nubila
342 639 430 696 saepe
444 620 542 681 modis
555 621 652 679 multis
666 632 754 696 atque
768 640 871 697 aspera
885 622 969 695 ferri;

230 713 342 771 scilicet
354 722 396 784 ut,
410 713 542 771 crebram
557 713 658 771 silvam
672 731 741 769 cum
755 712 873 769 flamina
887 712 966 771 cauri
1089 729 1133 784 ¹35

230 803 362 879 perflant,
378 802 449 861 dant
462 804 591 861 sonitum
604 802 723 861 frondes
737 802 869 877 ramique
884 803 1037 878 fragorem.

230 894 263 952 fit
276 912 396 969 quoque
410 904 442 953 ut
455 893 603 951 interdum
617 892 705 950 validi
719 893 761 951 vis
777 893 866 951 incita
879 895 958 951 venti

229 984 397 1060 perscindat
411 985 520 1042 nubem
535 984 718 1059 perfringens
732 984 841 1058 impete
856 993 947 1042 recto.

229 1094 299 1134 nam
312 1074 385 1149 quid
398 1075 491 1149 possit
505 1074 545 1133 ibi
560 1073 644 1132 flatus
657 1074 812 1131 manifesta
825 1073 916 1132 docet
929 1093 984 1145 res,

229 1165 288 1237 hic,
302 1165 353 1223 ubi
367 1165 459 1222 lenior
473 1174 526 1235 est,
541 1164 572 1221 in
586 1174 661 1222 terra
674 1183 743 1222 curn
758 1174 857 1222 tamen
872 1164 929 1222 alta
1091 1184 1137 1232 140

229 1256 346 1314 arbusta
360 1255 496 1313 evolvens
509 1254 656 1316 radicibus
669 1255 765 1313 haurit
779 1255 817 1313 ab
830 1255 904 1313 imis.

229 1356 297 1404 sunt
310 1347 399 1404 etiarn
413 1346 517 1403 fluctus
531 1363 584 1420 per
597 1345 706 1417 nubila,
721 1345 773 1420 qui
785 1345 868 1427 quasi
882 1362 1012 1403 murmur

229 1436 301 1494 dant
315 1437 344 1494 in
358 1436 499 1512 fragendo
513 1436 654 1511 graviter,
676 1435 758 1511 quod
773 1436 842 1493 item
856 1436 889 1493 fit
902 1436 932 1493 in
947 1436 1010 1493 altis

228 1526 394 1585 fluminibus
409 1544 575 1601 magnoque
590 1527 671 1599 mari,
686 1545 755 1585 cum
769 1527 908 1601 frangitur
922 1536 1027 1584 aestus.

228 1618 262 1675 fit
274 1636 404 1693 quoque,
418 1618 469 1675 ubi
483 1636 500 1675 e
515 1618 585 1676 nubi
599 1618 629 1675 in
643 1618 754 1675 nubem
767 1617 810 1676 vis
824 1616 926 1675 incidit
940 1616 1046 1674 ardens
1090 1634 1134 1687 145

228 1708 364 1780 fulminis,
380 1709 453 1766 haec
466 1709 557 1766 multo
572 1710 596 1767 si
610 1709 683 1766 forte
698 1726 801 1767 umore
814 1708 926 1783 recepit

228 1798 337 1874 ignem,
352 1799 492 1856 continuo
507 1808 538 1857 ut
551 1818 659 1875 magno
674 1800 801 1857 clamore
815 1798 941 1856 trucidet
954 1817 962 1871 ;

228 1898 261 1947 ut
274 1888 375 1947 calidis
388 1888 519 1947 candens
533 1890 639 1947 ferrum
654 1908 671 1948 e
685 1890 851 1948 fornacibus
866 1890 936 1947 olim

228 1978 331 2052 stridit,
345 1980 396 2039 ubi
410 1980 440 2037 in
453 1979 583 2056 gelidum
596 1998 722 2056 propere
737 1979 930 2039 demersimus
944 1978 1077 2038 imbrem.
1113 1992 1116 1998 ’

228 2069 336 2128 aridior
348 2088 435 2146 porro
449 2071 474 2128 si
487 2071 581 2129 nubes
596 2072 703 2146 accipit
718 2072 826 2146 ignem,
1090 2088 1137 2141 150

229 2161 320 2218 uritur
332 2161 444 2236 ingenti
458 2162 553 2219 sonitu
569 2179 711 2218 succensa
725 2171 845 2237 repente
857 2181 865 2233 ;

228 2251 405 2310 lauricomos
419 2260 451 2308 ut
464 2251 489 2309 si
503 2268 555 2325 per
569 2251 677 2308 montis
690 2251 808 2308 flamma
821 2260 942 2326 vagetur

229 2343 344 2401 turbine
356 2352 511 2400 ventorum
525 2342 702 2400 comburens
716 2342 824 2416 impete
839 2360 967 2417 magno;

227 2451 285 2491 nec
299 2451 344 2491 res
358 2433 416 2492 ulla
429 2433 521 2507 magis
535 2451 624 2507 quarn
640 2432 752 2490 Phoebi
768 2432 913 2506 Delphica
926 2432 1022 2490 laurus

228 2524 345 2582 terribili
359 2524 456 2582 sonitu
471 2523 588 2581 flamma
603 2523 765 2597 crepitante
780 2531 933 2580 crematur.
1090 2541 1099 2586 r
1104 2541 1117 2594 5
1121 2540 1134 2593 5

228 2613 356 2688 denique
370 2632 458 2689 saepe
472 2615 529 2688 geli
543 2614 650 2671 multus
663 2614 760 2688 fragor
773 2623 861 2688 atque
875 2613 959 2671 ruina

227 2703 376 2780 grandinis
391 2705 420 2762 in
434 2705 546 2779 magnis
561 2705 688 2761 sonitum
703 2703 754 2763 dat
767 2704 894 2762 nubibus
908 2704 975 2762 alte.

228 2804 331 2854 ventus
345 2795 424 2852 enirn
439 2813 507 2852 cum
522 2795 672 2866 confercit,
687 2795 866 2870 franguntur,
881 2795 911 2852 in
925 2803 1030 2866 artum,

228 2885 358 2943 concreti
372 2895 488 2943 montes
502 2875 668 2943 nimborum
683 2894 714 2943 et
727 2885 869 2960 grandine
884 2885 975 2943 mixti.

268 2975 365 3051 Fulgit
379 2977 458 3047 item,
472 2977 566 3034 nubes
580 2976 654 3051 ignis
668 2994 736 3032 cum
752 2976 865 3033 semina
877 2976 968 3033 multa
1091 2983 1137 3030 160

228 3083 381 3124 excussere
395 3085 449 3124 suo
464 3085 627 3139 concursu;
650 3085 706 3125 ceu
720 3065 848 3141 lapidem
864 3066 888 3124 si

229 3158 374 3231 percutiat
387 3157 459 3232 lapis
473 3166 523 3214 aut
537 3157 663 3229 ferrum,
684 3174 754 3213 nam
771 3165 832 3214 turn
847 3173 966 3230 quoque
980 3155 1080 3212 lumen

186 3285 188 3289 .
228 3247 309 3305 exilit
323 3257 353 3305 et
367 3247 457 3304 claras
472 3247 607 3305 scintillas
622 3247 745 3322 dissipat
758 3246 841 3322 ignis

228 3336 282 3394 sed
296 3337 434 3395 tonitrum
449 3338 481 3395 fit
495 3337 537 3396 uti
550 3347 618 3413 post
632 3338 748 3395 auribus
762 3337 949 3412 accipiamus,

228 3426 336 3502 fulgere
350 3446 438 3502 quam
453 3438 573 3485 cernant
586 3427 673 3497 oculi,
688 3428 758 3502 quia
772 3445 889 3502 semper
902 3425 941 3484 ad
955 3425 1031 3482 auris
1090 3430 1135 3495 1⁶5

228 3517 338 3578 tardius
351 3517 511 3578 adveniunt
524 3537 613 3594 quam
627 3519 721 3577 visurn
737 3535 812 3592 quae
827 3525 966 3576 moveant
979 3533 1032 3574 res.
