2792 4025
201 254 203 258 ’
252 295 275 358 4
586 287 817 342 nuenarius

250 452 346 511 hostia
360 450 531 511 concideret
545 457 674 507 mactatu
689 456 799 505 maesta
813 445 950 522 parentis,
1021 442 1025 446 ’

250 544 343 601 exitus
357 552 389 600 ut
403 542 486 600 classi
500 541 567 597 felix
581 540 748 613 faustusque
763 538 888 595 daretur.

249 642 362 691 tantum
376 633 476 707 religio
490 630 586 706 potuit
601 628 722 687 suadere
738 628 889 685 malorum.

289 724 427 781 Tutemet
441 741 458 778 a
471 722 557 783 nobis
571 721 630 778 iam
645 720 748 794 quovis
763 728 894 792 tempore
909 724 1009 773 vatum

250 813 412 887 terriloquis
425 812 518 869 victus
533 810 618 868 dictis
632 810 796 868 desciscere
811 824 941 882 quaeres,

250 904 359 978 quippe
374 903 483 960 etenim
498 920 586 975 quam
601 901 691 958 multa
704 900 757 957 tibi
769 900 828 957 iam
842 899 951 972 fingere
967 903 1088 971 possunt

164 1016 165 1019 ¹
250 994 364 1051 somnia
372 1009 446 1065 quae
454 991 530 1049 vitae
539 991 664 1048 rationes
678 1000 789 1047 vertere
803 988 916 1063 possint
1113 1001 1158 1055 105

250 1084 438 1156 fortunasque
453 1090 516 1139 tuas
531 1081 626 1140 omnis
639 1081 754 1138 turbare
769 1079 893 1136 timore!

251 1183 280 1231 et
294 1173 397 1230 merito
409 1192 417 1244 3
439 1190 507 1230 narn
522 1172 545 1229 si
560 1181 670 1228 certam
684 1171 774 1227 finem
789 1188 853 1227 esse
867 1167 999 1226 viderent

252 1281 455 1321 aerumnarum
470 1262 613 1331 homines,
629 1261 726 1334 aliqua
739 1261 851 1318 ratione
865 1259 995 1316 valerent

249 1355 436 1430 religionibus
450 1363 538 1428 atque
553 1354 638 1411 minis
653 1353 792 1411 obsistere
806 1361 915 1410 vatum.

220 1459 223 1490 ἰ
249 1464 330 1503 nunc
343 1446 416 1504 ratio
430 1445 508 1502 nulla
522 1453 566 1501 est
579 1442 717 1513 restandi,
732 1442 810 1499 nulla
822 1442 951 1510 facultas,
1113 1458 1159 1493 110

191 1602 195 1609 ,
223 1545 226 1553 “
251 1545 382 1593 aeternas
396 1535 536 1609 quoniam
550 1551 661 1607 poenas
675 1532 706 1588 in
720 1542 813 1589 morte
828 1530 1027 1588 timendumst.

250 1626 398 1701 ignoratur
412 1624 491 1681 enim
506 1640 581 1697 quae
597 1624 633 1680 sit
647 1632 749 1679 natura
762 1622 880 1692 animai,

250 1725 319 1772 nata
332 1715 368 1772 sit
382 1732 420 1771 an
434 1723 537 1772 contra
550 1713 737 1769 nascentibus
752 1712 921 1782 insinuetur,

251 1815 282 1864 et
295 1805 381 1863 simul
395 1806 516 1861 intereat
530 1804 683 1861 nobiscum
698 1811 791 1860 morte
807 1801 951 1875 dirempta

251 1914 289 1953 an
303 1896 437 1953 tenebras
453 1895 523 1953 Orci
537 1895 609 1951 visat
623 1903 775 1966 vastasque
789 1893 908 1950 lacunas

89 2054 91 2068 Ι
192 1992 238 2034 5
251 2004 290 2046 an
303 1985 433 2061 pecudes
447 1986 516 2043 alias
531 1984 667 2043 divinitus
682 1983 808 2041 insinuet
822 2000 863 2055 se,

58 2080 67 2143 l
88 2084 119 2156 [5-
132 2083 186 2165 Ἥ
207 2065 212 2076 ’
229 2065 236 2158 l
252 2078 364 2134 Ennius
379 2087 411 2134 ut
425 2073 524 2134 noster
538 2076 645 2133 cecinit
659 2075 709 2148 qui
723 2074 832 2148 primus
846 2091 974 2131 amoeno

30 2182 178 2318 ,px
102 2239 134 2286 Α..
161 2237 196 2265 >-
228 2177 234 2222 '.
251 2166 355 2224 detulit
369 2185 406 2224 ex
421 2167 567 2224 Helicone
583 2165 706 2239 perenni
719 2163 823 2221 fronde
838 2183 988 2236 coronam,

217 2275 304 2332 per
318 2257 411 2332 gentis
427 2257 513 2313 Italas
528 2256 681 2312 hominum
697 2273 774 2328 quae
788 2255 864 2312 clara
878 2256 1008 2325 clueret3

15 2370 54 2426 q
47 2372 87 2424 p
126 2349 158 2402 'r
147 2332 219 2385 'i
251 2348 305 2405 etsi
296 2356 469 2422 rpraeterea
482 2356 580 2403 tamen
595 2364 658 2403 esse
673 2345 834 2403 Acherusia
847 2345 957 2420 templa
1112 2363 1158 2399 120

252 2439 365 2495 Ennius
379 2437 502 2494 aetemis
517 2437 638 2510 exponit
651 2435 780 2494 versibus
795 2435 896 2506 edens,

253 2545 313 2601 quo
327 2545 423 2601 neque
438 2536 628 2602 permaneant
641 2526 756 2584 animae
770 2544 869 2600 neque
884 2541 1008 2599 corpora
1020 2533 1127 2595 nostra,

253 2616 307 2675 sed
321 2617 466 2692 quaedam
480 2617 633 2674 simulacra
647 2616 743 2674 modis
757 2616 896 2691 pallentia
909 2616 1007 2686 miris3

251 2707 332 2764 unde
347 2707 401 2765 sibi
416 2716 545 2765 exortam
560 2725 677 2782 semper
691 2707 820 2764 florentis
835 2706 960 2764 Homeri

252 2806 463 2854 commemorat
477 2797 606 2872 speciem
620 2798 752 2855 lacrimas
766 2796 914 2854 effundere
930 2796 1017 2852 salsas
1112 2812 1156 2864 125

251 2887 385 2961 coepisse
400 2896 429 2944 et
442 2905 537 2944 rerum
551 2898 683 2946 naturam
697 2886 864 2961 expandere
878 2886 972 2943 dictis.

252 2986 428 3051 quapropter
441 2977 517 3034 bene
533 2996 601 3035 cum
615 2977 727 3053 superis
742 2977 780 3034 de
794 2977 880 3034 rebus
895 2974 1032 3034 habenda

251 3067 336 3124 nobis
351 3074 395 3124 est
408 3067 490 3139 rati0‚
505 3069 573 3126 solis
586 3069 731 3142 lunaeque
747 3076 859 3125 meatus

252 3175 311 3231 qua
324 3157 395 3214 fiant
409 3159 530 3229 ratione,
546 3168 576 3216 et
589 3177 647 3232 qua
660 3159 689 3216 vi
704 3175 838 3233 quaeque
852 3165 988 3231 gerantur

252 3247 387 3319 interris,
402 3257 464 3306 tum
479 3267 547 3305 cum
561 3249 660 3323 primis
675 3249 786 3305 ratione
801 3247 897 3322 sagaci
1111 3265 1157 3315 130

252 3336 332 3394 unde
347 3339 444 3396 anima
457 3347 544 3412 atque
559 3339 647 3395 animi
661 3348 776 3395 constet
789 3346 891 3394 natura
902 3335 1063 3394 videndum
1074 3355 1083 3408 ;

253 3437 283 3486 et
297 3446 372 3502 quae
386 3447 432 3486 res
446 3430 540 3500 nobis,
554 3429 736 3502 vigilantibus
750 3429 844 3499 obvia,
859 3437 973 3486 mentes

252 3519 389 3577 terrificet
403 3519 506 3577 morbo
520 3518 643 3576 adfectis
658 3536 822 3592 somnoque
837 3519 965 3592 sepultis,
