2792 4025
532 777 567 838 Τ.
590 778 780 839 LUORRTI
807 777 912 840 CARI

418 981 495 1056 DE
537 980 745 1057 RERUM
783 979 1030 1056 NATURA

560 1196 681 1248 LIBER
706 1195 893 1249 TERTIUS.

682 1362 784 1394 -0-

274 1497 300 1554 E
314 1495 440 1554 tenebris
455 1494 541 1552 tantis
555 1503 615 1551 tam
630 1493 740 1551 clarum
754 1493 890 1552 extollere
904 1493 1004 1552 lumen

274 1587 325 1662 qui
338 1587 449 1662 primus
462 1585 581 1660 potuisti
596 1584 749 1641 inlustrans
763 1584 922 1642 commoda
934 1585 1019 1655 vitae,

273 1688 302 1735 te
318 1695 434 1751 sequor,
449 1694 467 1734 o
483 1675 588 1748 Graiae
602 1675 696 1749 gentis
712 1674 811 1745 decus,
826 1675 915 1749 inque
930 1676 985 1733 tuis
999 1695 1078 1734 nunc

145 1814 147 1823 .
190 1768 199 1790 '
228 1825 240 1850 x
273 1769 342 1826 ficta
355 1767 467 1843 pedum
481 1762 561 1841 pond
575 1765 680 1840 pressis
694 1766 814 1840 vestigia
827 1765 924 1840 signis,

78 1843 107 1884 ί
144 1880 171 1945 ¹,
273 1841 335 1916 ritui
348 1859 389 1916 ita
402 1855 532 1915 certandi
547 1855 775 2003 cupidupqplpm
789 1866 909 1930 propter
921 1875 1053 1915 amorem
1163 1878 1176 1932 5

275 1948 356 2025 quod
370 1960 399 2007 te
415 1948 518 2006 imitari
532 1965 624 2020 aveo3
647 1946 718 2022 quid
751 1947 811 2003 nim
826 1946 986 2039 contendat
999 1949 1125 2009 hirundo
1147 1935 1181 2037 l]
1205 1982 1237 2020 21:

275 2042 382 2117 cycnis,
398 2050 448 2120 eut
462 2038 602 2127 quidnam
617 2038 745 2096 tremulis
759 2038 855 2095 facere
869 2040 987 2099 artubus
1001 2041 1088 2100 haedi

275 2132 425 2207 consimile
440 2131 470 2188 in
484 2148 569 2187 eursu
584 2130 696 2205 possint
710 2138 740 2186 et
754 2129 834 2187 fortis
848 2131 918 2205 equi
930 2132 994 2190 vis?

38 2189 93 2269 l*
147 2289 150 2311 ‚
199 2291 204 2304 ‡
275 2232 316 2293 tu,
331 2232 421 2297 pater,
437 2239 468 2279 es
482 2239 577 2278 rerum
592 2221 734 2291 inventor,
752 2229 783 2277 tu
797 2221 890 2295 patria
903 2224 988 2281 nobis

198 2345 204 2363 ·
275 2310 445 2387 suppeditas
459 2321 624 2386 praecepta,
639 2311 754 2385 tuisque
769 2330 815 2382 ex,
830 2311 948 2384 inclute,
963 2314 1079 2386 chartis,
1150 2336 1179 2371 ιο

275 2403 403 2460 floriferis
418 2412 450 2459 ut
464 2402 578 2476 apesin
593 2402 710 2459 saltibus
724 2402 825 2458 omnia
837 2402 936 2474 libant,
980 2452 983 2455 Α

276 2484 375 2551 omnia
388 2510 442 2549 nos
457 2492 557 2549 itidem
573 2490 759 2566 depascimur
772 2510 860 2549 aurea
873 2492 961 2566 dicta,

275 2602 371 2655 aurea,
386 2591 528 2658 perpetua
541 2599 658 2657 semper
673 2581 842 2657 dignissima
853 2584 920 2642 vita„

275 2693 344 2732 nam
359 2673 444 2731 simul
457 2691 492 2729 ac
505 2673 578 2730 ratio
592 2682 643 2730 tua
657 2675 757 2748 coepit
769 2674 919 2732 vociferari

276 2775 408 2822 naturam
422 2782 527 2834 rerum,
543 2762 642 2821 divina
655 2775 755 2821 mente
770 2775 879 2838 coorta,

277 2855 431 2930 diffugiunt
444 2854 533 2911 animi
547 2863 680 2927 terrores,
697 2857 814 2913 moenia
827 2854 929 2913 mundi

277 2945 441 3015 discedunt,
457 2954 552 3003 toturn
566 2946 653 3004 video
668 2947 820 3021 perinane
834 2946 894 3021 geri
908 2964 964 3005 res.

277 3046 398 3111 apparet
412 3034 510 3093 divum
527 3055 637 3093 numen
652 3036 796 3111 sedesque
811 3038 927 3111 quietae

277 3144 349 3201 quas
363 3144 460 3199 neque
476 3127 648 3184 concutiunt
661 3128 740 3185 venti
755 3146 810 3184 nec
825 3128 923 3185 nubila
935 3127 1042 3187 nimbis

277 3227 434 3291 aspergunt
447 3236 544 3291 neque
559 3218 609 3274 nix
623 3218 681 3274 acri
696 3229 833 3276 concreta
846 3219 949 3293 pruina

278 3326 351 3365 cana
365 3307 476 3366 cadens
490 3308 577 3365 violat
592 3326 766 3382 semperque
781 3309 927 3367 innubilus
941 3310 1042 3368 aether

277 3398 388 3472 integit,
404 3408 433 3456 et
446 3398 523 3472 large
539 3397 644 3455 diffuso
658 3398 767 3456 lumine
781 3399 885 3458 rident.

278 3490 377 3547 omnia
390 3487 559 3565 suppeditat
571 3506 658 3563 porro
673 3499 775 3547 natura
788 3508 884 3565 neque
899 3492 956 3549 ulla
