2792 4025
236 275 308 347 ut]
479 277 534 330 tn:
560 277 707 331 RERUM
735 277 906 332 NATURA
1097 266 1143 346 69

233 453 281 494 res
294 435 384 494 animi
397 454 503 512 pacem
517 435 626 496 delibat
639 449 774 513 tempore
789 438 819 496 in
832 439 901 496 ullo.

234 536 265 584 at
278 536 380 585 contra
392 545 538 603 nusquam
552 540 692 603 apparent
707 530 867 588 Acherusia
880 527 992 604 templa
1111 547 1140 600 ²5

234 635 292 676 nec
306 617 389 675 tellus
404 618 500 677 obstat
514 620 585 694 quin
600 621 700 677 omnia
713 620 912 695 dispiciantur,

234 709 290 767 sub
304 707 428 783 pedibus
443 728 646 784 quaecumque
661 711 734 767 infra
747 729 800 785 per
814 711 900 768 inane
914 719 1060 786 geruntur.

235 798 280 856 his
293 798 333 856 ibi
349 817 395 856 me
410 801 496 859 rebus
511 800 657 874 quaedam
673 800 772 858 divina
785 802 919 876 voluptas

234 890 359 964 percipit
373 889 471 964 adque
486 891 595 960 horror,
611 891 693 966 quod
707 892 749 949 sie
763 901 866 948 natura
879 900 930 949 tua
942 891 972 949 vi

235 989 296 1037 tam
310 981 462 1038 manifesta
476 991 579 1056 patens
594 999 631 1038 ex
646 982 728 1039 omni
742 992 823 1056 parte
837 991 949 1039 retecta
962 990 1014 1038 est
1109 1001 1143 1051 30

276 1071 316 1127 Et
329 1071 469 1144 quoniam
484 1070 582 1141 docui,
598 1081 770 1128 cunctarum
784 1070 905 1129 exordia
917 1089 1015 1132 rerum

235 1161 332 1236 qualia
345 1161 403 1218 sint
417 1171 446 1218 et
460 1180 548 1236 quam
563 1163 647 1219 variis
661 1160 799 1219 distantia
812 1162 913 1219 formis

235 1259 341 1325 sponte
357 1270 410 1308 sua
422 1253 544 1309 volitent
557 1262 678 1310 aeterno
692 1252 806 1326 percita
820 1261 902 1309 motu

235 1359 333 1416 quove
347 1341 438 1399 modo
452 1343 565 1416 possint
579 1361 624 1400 res
638 1361 676 1400 ex
690 1343 735 1400 his
750 1360 884 1416 quaeque
899 1341 1000 1414 creari,

236 1431 323 1490 hasce
338 1431 501 1490 secundum
514 1452 560 1490 res
574 1434 665 1490 animi
679 1443 783 1491 natura
795 1433 911 1491 videtur
1110 1449 1142 1502 35

236 1531 324 1598 atque
339 1523 453 1580 animae
468 1523 605 1581 claranda
618 1525 691 1582 meis
706 1525 765 1580 iam
778 1524 908 1581 versibus
922 1539 986 1580 esse

236 1619 266 1670 e't
280 1622 374 1670 metus
389 1614 434 1670 ille
449 1614 524 1671 foras
539 1632 680 1688 praeceps
694 1613 869 1672 Acheruntis
883 1613 1024 1688 agendum

236 1703 367 1761 funditus
381 1703 538 1765 humanam
553 1705 603 1778 qui
617 1706 707 1762 vitam
720 1705 817 1762 turbat
831 1707 869 1762 ab
883 1705 943 1761 imo

236 1794 337 1851 omnia
350 1793 518 1852 suffundens
532 1796 632 1852 mortis
647 1795 762 1870 nigrore
776 1813 874 1870 neque
889 1796 978 1855 ullam

235 1903 300 1943 esse
314 1884 494 1959 voluptatem
508 1885 649 1959 liquidam
663 1903 827 1961 puramque
841 1885 986 1960 relinquit.
1110 1904 1144 1951 40

152 1969 155 1975 ’
235 1994 305 2035 nam
320 1974 402 2059 quod
416 1994 503 2051 saepe
519 1976 652 2035 homines
666 1977 786 2035 morbos
800 1977 892 2051 magis
906 1992 971 2034 esse
985 1973 1133 2038 timendos

235 2068 434 2141 infamemque
448 2067 543 2124 ferunt
555 2068 643 2125 vitam
658 2086 747 2142 quam
759 2069 879 2124 Tartara
892 2066 942 2124 leti

235 2168 266 2216 et
280 2176 311 2216 se
326 2158 400 2216 scire
415 2157 528 2215 animae
542 2167 676 2215 naturam
690 2158 840 2231 sanguinis
855 2174 919 2215 esse

236 2258 286 2306 aut
300 2249 388 2307 etiarn
399 2248 487 2319 venti,
503 2248 526 2306 si
541 2248 595 2305 fert
609 2249 648 2305 ita
662 2249 735 2305 forte
749 2248 892 2318 voluntas,

235 2357 293 2397 nec
308 2358 427 2413 prosum
442 2339 600 2413 quicquam
614 2348 730 2396 nostrae
744 2338 863 2397 rationis
880 2355 976 2412 egere,
1109 2353 1142 2406 45

237 2430 306 2487 hinc
321 2430 388 2488 licet
402 2429 534 2487 advertas
549 2429 679 2485 animum
693 2428 786 2503 magis
801 2429 901 2485 omnia
913 2426 1007 2485 laudis

236 2520 337 2577 iactari
351 2538 439 2577 causa
451 2538 541 2594 quam
557 2518 638 2594 quod
652 2537 698 2576 res
715 2519 779 2593 ipsa
792 2518 942 2592 probetur.

237 2620 365 2669 extorres
380 2609 459 2667 idern
473 2610 566 2685 patria
579 2610 726 2683 longeque
741 2608 830 2683 fugati

237 2710 398 2775 conspectu
413 2718 450 2757 ex
464 2700 626 2769 hominum,
642 2698 753 2756 foedati
768 2699 889 2756 crimine
902 2698 989 2773 turpi,

237 2792 373 2849 omnibus
388 2791 532 2849 aerumnis
547 2790 655 2849 adfecti
670 2789 798 2864 denique
812 2790 922 2861 vivunt,

237 2891 269 2940 et
282 2899 470 2955 quocumque
484 2891 582 2939 tamen
598 2880 696 2939 miseri
710 2898 816 2939 venere
830 2888 985 2955 parentant
1019 2951 1025 2963 ⁵

237 2981 269 3029 et
281 2972 376 3046 nigras
390 2981 520 3029 mactant
534 2970 664 3047 pecudes
678 2980 709 3029 et
724 2972 852 3029 manibu'
868 2970 940 3029 divis

238 3062 353 3121 inferias
368 3062 486 3119 mittunt
499 3062 652 3137 multoque
667 3062 697 3120 in
711 3063 798 3120 rebus
812 3061 925 3120 acerbis

238 3154 332 3211 acrius
346 3150 500 3210 advertunt
513 3153 626 3211 animos
640 3152 678 3211 ad
692 3154 873 3228 religionem.

239 3261 299 3318 quo
313 3243 405 3317 magis
418 3244 449 3301 in
458 3243 554 3301 dubiis
569 3244 720 3301 hominem
734 3253 865 3318 spectare
879 3241 995 3317 periclis

238 3334 378 3391 convenit
391 3333 577 3409 adversisque
592 3335 623 3392 in
636 3335 723 3393 rebus
738 3352 860 3391 noscere
874 3333 924 3408 qui
939 3333 994 3403 sit;

238 3444 308 3484 nam
322 3442 410 3487 verae¹
420 3443 509 3483 voces
523 3435 585 3482 tum
600 3424 721 3483 demum
735 3433 855 3498 pectore
869 3424 907 3481 ab
921 3423 982 3481 imo

239 3515 384 3575 eiciuntur
396 3525 426 3575 et
441 3516 558 3591 eripitur
570 3534 705 3592 persona,
720 3524 820 3573 manet
833 3532 888 3573 res.
