2792 4025
210 284 263 355 v.]
450 286 506 339 na
536 284 683 339 annun
711 285 882 339 NATURA
1058 274 1115 335 161

210 464 268 505 nec
282 455 383 505 manet
395 446 453 505 nlla
465 445 510 505 sui
524 446 623 505 similis
636 465 701 505 res:
723 448 824 506 omnia
836 447 968 524 migrant,
1069 456 1118 520 830

211 536 312 594 omnia
325 546 486 595 commutat
499 546 601 594 natura
614 546 644 594 et
657 546 767 595 vertere
782 538 869 613 cogit.

211 646 340 703 namque
354 628 424 686 aliut
437 629 577 704 putrescit
590 638 621 687 et
633 647 708 688 aevo
722 628 818 689 debile
832 630 959 705 languet,

211 736 300 795 porro
314 718 384 776 aliut
397 718 529 776 clarescit
542 728 573 776 et
586 736 603 777 e
617 720 835 795 contemptibus
849 721 918 780 exit.

212 809 254 868 sic
268 809 355 884 igitur
368 808 471 866 mundi
484 818 615 867 naturam
629 810 718 867 totius
732 819 811 869 aetas

213 909 307 957 mutat
321 909 351 957 et
365 916 403 957 ex
415 899 471 957 alio
485 908 590 957 terram
604 908 695 957 status
709 900 818 975 excipit
831 901 921 974 alter3
1071 908 1118 974 835

213 988 297 1066 quod
310 989 407 1065 potuit
420 989 531 1063 nequit,
546 989 638 1063 possit
652 990 736 1064 quod
749 1008 811 1049 non
825 992 889 1049 tulit
902 1002 979 1050 ante.

255 1080 408 1155 Multaque
422 1088 486 1137 tum
499 1079 583 1137 tellus
597 1080 687 1137 etiam
700 1089 837 1155 portenta
850 1100 948 1140 creare

214 1178 348 1228 conatast
362 1169 434 1227 mira
447 1169 521 1227 facie
536 1170 733 1244 membrisque
743 1168 858 1242 coorta,
1037 1170 1121 1250 [tum,

214 1258 428 1335 androgynum,
442 1259 653 1335 interutrasque
667 1278 724 1317 nec
738 1271 845 1332 utrum,
859 1260 1005 1336 utrimque
1026 1280 1121 1320 remo-

215 1349 288 1409 orba
300 1348 412 1424 pedum
425 1350 540 1425 partim,
555 1368 695 1408 manuum
709 1350 829 1409 viduata
841 1351 978 1422 vicissim,
1073 1360 1123 1419 840

215 1449 298 1499 muta
310 1440 373 1498 sine
388 1457 438 1499 ore
453 1440 551 1512 etiam,
565 1440 628 1497 sine
642 1440 721 1498 voltu
736 1459 826 1499 caeca
839 1450 962 1516 reperta,

215 1531 373 1606 vinctaque
386 1531 584 1589 membrorum
598 1548 651 1606 per
664 1540 760 1589 totum
774 1549 881 1607 corpus
894 1530 1034 1604 adhaesu,

215 1640 273 1680 nec
286 1622 383 1680 facere
396 1630 429 1679 ut
441 1630 563 1695 possent
576 1621 734 1696 quicquam
749 1639 806 1679 nec
820 1620 927 1679 cedere
941 1639 1092 1697 quoquam

215 1730 273 1772 nec
287 1712 377 1770 vitare
391 1711 499 1769 malurn
513 1729 570 1769 nec
584 1730 699 1769 sumere
714 1711 796 1787 quod
810 1712 884 1770 soret
898 1730 976 1772 usus.

217 1815 316 1861 cetera
330 1802 368 1861 de
382 1820 488 1877 genere
504 1801 562 1860 hoc
576 1811 706 1860 monstra
719 1820 755 1859 ac
770 1812 904 1877 portenta
919 1802 1046 1874 creabat,
1074 1810 1123 1874 845

216 1894 407 1968 nequiquam,
423 1892 562 1967 quoniam
576 1902 679 1950 natura
692 1893 845 1951 absterruit
858 1902 978 1952 auctum

218 2002 275 2044 nec
289 1992 412 2059 potuere
427 1982 558 2058 cupitum
573 1983 675 2041 aetatis
690 1992 809 2058 tangere
823 1982 925 2042 florem

219 2092 275 2132 nec
289 2074 415 2149 reperire
429 2074 529 2131 cibum
542 2090 599 2130 nec
613 2073 693 2148 iungi
707 2091 760 2147 per
773 2072 895 2132 Veneris
909 2092 964 2132 res.

218 2164 310 2223 multa
322 2161 457 2222 videmus
471 2163 550 2221 enim
565 2163 650 2220 rebus
664 2181 838 2221 concurrere
853 2162 971 2237 debere,

219 2263 252 2312 ut
265 2252 458 2330 propagando
472 2253 585 2328 possint
597 2251 762 2328 procudere
777 2252 893 2325 saecla;
1076 2262 1127 2324 850

220 2343 328 2421 pabula
341 2343 468 2419 primurn
482 2353 515 2402 ut
528 2344 594 2416 sint,
609 2342 745 2418 genitalia
759 2341 867 2400 deinde
881 2361 934 2418 per
949 2352 1027 2402 artus

220 2434 333 2493 semina
347 2451 406 2509 qua
418 2435 531 2509 possint
546 2434 684 2492 membris
700 2427 817 2490 manbre
832 2433 981 2508 remissis;

221 2525 388 2600 seminaque
403 2534 435 2583 ut
448 2526 575 2585 maribus
590 2524 729 2600 coniungi
743 2523 844 2599 possit,
859 2523 967 2582 habere

125 2696 128 2700 b
221 2624 323 2673 mutua
336 2616 386 2690 qui
400 2625 515 2674 mutent
528 2617 604 2674 inter
617 2635 649 2674 se
663 2613 770 2692 gaudia
784 2623 915 2690 uterque.

255 2705 475 2780 Multaquetum
483 2706 624 2764 interiisse
633 2705 1071 2764 animantumsaeclanecessest
1079 2715 1126 2777 855

221 2813 278 2854 nec
292 2797 421 2872 potuisse
435 2795 627 2872 propagando
641 2795 805 2872 procudere
820 2796 943 2871 prolem.

222 2904 291 2944 nam
305 2905 508 2962 quaecumque
521 2886 604 2944 vides
618 2887 697 2944 vesci
711 2887 844 2945 vitalibus
859 2886 944 2958 auris,

222 2986 273 3035 aut
286 2975 372 3035 dolus
385 2987 435 3034 aut
448 2977 536 3035 virtus
550 2985 600 3034 aut
614 2975 743 3051 denique
758 2977 902 3034 mobilitas
917 2986 961 3035 est

223 3085 261 3124 ex
274 3066 396 3124 ineunte
406 3084 480 3124 aevo
494 3084 587 3141 genus
601 3066 632 3124 id
646 3077 739 3124 tutata
752 3084 914 3126 reservans.

200 3221 203 3226 ,
223 3156 371 3231 multaque
386 3166 461 3227 sunt,
477 3157 561 3215 nobis
576 3175 613 3214 ex
626 3156 747 3214 utilitate
762 3175 814 3214 sua
828 3175 904 3232 quae
1078 3163 1128 3213 860

223 3244 432 3304 commendata
444 3256 573 3317 manent,
588 3247 695 3305 tutelae
709 3245 814 3304 tradita
827 3257 953 3305 nostrae.

223 3336 367 3412 principio
382 3354 474 3411 genus
488 3354 554 3394 acre
568 3337 687 3395 leonum
703 3353 847 3411 saevaque
862 3336 959 3394 saecla

223 3435 341 3485 tutatast
354 3427 451 3498 virtus,
465 3427 565 3501 volpes
579 3426 665 3485 dolus
678 3436 709 3485 et
723 3427 791 3501 fuga
805 3444 917 3484 cervos.

222 3526 253 3575 at
266 3516 428 3576 levisomna
440 3535 547 3574 canum
561 3517 622 3576 fido
636 3535 705 3574 cum
720 3526 841 3593 pectore
856 3514 947 3576 corda

676 3619 685 3653 1
692 3619 702 3653 1
