2792 4025
265 257 307 324 74
595 258 826 313 LUCRETlUS
1093 257 1166 330 [111.

264 429 294 478 at
307 427 410 478 contra
423 418 554 495 lapidum
569 419 737 478 conlectum
751 420 814 495 ipse
828 422 908 478 euru'
923 437 1056 490 movere,

263 529 362 568 noenu
376 520 482 586 potest.
503 510 588 586 igitur
600 511 770 585 parvissima
783 529 907 585 corpora
921 529 1064 586 proquam

264 611 293 659 et
308 601 451 658 levissima
464 610 539 672 sunt,
554 601 594 658 ita
608 601 767 658 mobilitate
782 601 933 672 fruuntur,
1121 623 1168 658 200

264 700 293 748 at
307 701 410 748 contra
423 709 626 766 quaecumque
641 691 733 766 magis
748 709 816 748 cum
829 692 962 766 pondere
977 710 1084 766 magno

263 802 424 859 asperaque
439 785 633 855 inveniuntur,
648 801 685 842 eo
701 784 825 841 stabilita
838 785 930 858 magis
944 793 1019 842 sunt.

262 894 342 932 nunc
358 875 443 950 igitur
456 876 596 950 quoniam
611 884 656 933 est
669 874 760 932 animi
773 884 876 932 natura
888 884 1004 949 reperta

262 966 377 1024 mobilis
392 966 517 1040 egregie,
533 984 674 1041 perquam
690 974 824 1022 constare
839 975 988 1023 necessest

262 1057 432 1132 corporibus
446 1057 540 1133 parvis
554 1067 584 1114 et
597 1057 708 1114 levibus
722 1065 809 1130 atque
823 1055 964 1113 rutundis.

262 1165 338 1222 quae
352 1148 404 1206 tibi
418 1148 536 1223 cognita
548 1165 594 1205 res
608 1146 640 1204 in
654 1147 761 1219 multis,
775 1165 795 1204 o
809 1146 897 1217 bone,
912 1146 999 1205 rebus

261 1239 338 1297 utilis
352 1239 515 1297 invenietur
530 1248 559 1297 et
573 1247 741 1314 opportuna
754 1237 871 1295 cluebit.

261 1329 335 1387 haec
350 1348 469 1405 quoque
483 1347 529 1388 res
543 1328 631 1387 etiam
645 1337 778 1386 naturam
793 1326 913 1386 dedicat
925 1326 997 1399 eiuS,

261 1438 350 1494 quam
365 1421 445 1478 tenui
459 1431 575 1478 constet
590 1429 703 1478 textura
717 1436 865 1493 quamque
879 1417 947 1476 loco
961 1435 993 1476 se

261 1511 410 1569 contineat
424 1529 523 1586 parvo,
538 1511 561 1569 si
576 1511 668 1586 possit
682 1509 903 1584 conglomerati,

261 1601 343 1675 quod
358 1602 443 1660 simul
457 1611 544 1676 atque
559 1601 710 1660 hominem
726 1599 775 1658 leti
789 1617 892 1657 secura
905 1599 988 1674 quies
1002 1608 1046 1656 est

260 1691 383 1766 indepta
396 1701 483 1766 atque
498 1692 587 1749 animi
601 1701 704 1749 natura
718 1691 893 1764 animaeque
908 1690 1035 1761 recessit,

260 1782 300 1839 nil
314 1783 353 1840 ibi
368 1782 488 1840 libatum
503 1781 540 1840 de
555 1791 618 1839 toto
632 1800 755 1857 corpore
771 1799 873 1839 cemas

260 1872 299 1930 ad
313 1873 452 1947 speeiem,
467 1873 507 1930 nil
520 1871 559 1930 ad
573 1872 709 1947 pondus:
733 1891 811 1930 mors
827 1870 927 1929 omnia
940 1879 1067 1945 praestat

259 1962 376 2021 vitalem
389 1973 504 2040 praeter
518 1981 635 2022 sensum
649 1963 836 2039 calidumque
852 1979 1000 2038 vaporem.
1053 1989 1055 1994 ·

260 2074 329 2130 ergo
344 2056 471 2113 animam
485 2065 576 2115 totam
590 2056 738 2131 perparvis
752 2074 815 2114 esse
830 2065 979 2113 necessest

259 2146 426 2218 seminibus
441 2164 547 2204 nexam
561 2165 615 2222 per
628 2166 718 2205 venas
731 2147 842 2205 visce1a
855 2164 958 2204 nervos
969 2167 978 2218 3

259 2247 411 2311 quatenuS,
426 2238 521 2295 omnis
536 2238 585 2295 ubi
600 2256 616 2295 e
631 2248 695 2296 toto
710 2238 768 2295 iam
783 2256 906 2312 corpore
921 2236 1017 2309 cessit,

259 2328 367 2386 extima
381 2329 578 2386 membromm
593 2329 825 2386 circumcaesura
840 2339 937 2385 tamen
953 2346 984 2385 se

258 2418 437 2476 incolumem
450 2428 577 2493 praestat
590 2437 646 2476 nec
661 2418 734 2477 defit
747 2418 886 2494 ponderis
901 2418 1000 2475 hilum.

259 2508 341 2583 quod
355 2527 447 2583 genus
461 2518 506 2567 est
520 2509 713 2567 Bacchicam
727 2510 780 2567 llos
794 2510 911 2567 evanuit
925 2519 974 2567 aut
988 2527 1057 2566 cum

259 2599 374 2674 spiritus
389 2600 529 2673 unguenti
543 2600 637 2659 suavis
651 2600 765 2676 diffugit
778 2602 808 2658 in
821 2619 905 2658 auras

259 2700 309 2747 aut
322 2690 420 2764 aliquo
435 2708 503 2747 eum
517 2690 575 2747 iam
590 2710 677 2749 sucus
691 2690 730 2749 de
745 2710 869 2765 corpore
884 2690 989 2763 cessit3

259 2780 299 2838 nil
313 2781 405 2838 oculis
419 2790 518 2838 tamen
533 2799 596 2839 esse
611 2782 708 2839 minor
720 2800 766 2840 res
780 2783 844 2857 ipsa
856 2781 971 2839 videtur

258 2880 415 2946 propterea
429 2890 525 2946 neque
540 2870 703 2929 detractum
718 2872 757 2930 de
771 2871 903 2948 pondere
918 2871 1085 2946 quicquam,
1117 2888 1162 2941 225

258 2961 395 3018 nimirum
409 2962 478 3037 quia
491 2962 582 3020 multa
596 2963 766 3038 minutaque
781 2963 892 3021 semina
906 2980 992 3020 sucos

258 3051 389 3109 efficiunt
403 3061 433 3109 et
447 3052 569 3111 odorem
583 3054 613 3110 in
628 3063 691 3112 toto
706 3072 830 3128 corpore
844 3072 949 3111 rerum.

259 3160 348 3215 quare
363 3142 450 3200 etiam
465 3153 552 3217 atque
568 3144 655 3201 etiam
669 3144 776 3202 mentis
789 3154 922 3201 naturam
936 3142 1110 3217 animaeque

259 3234 332 3291 scire
346 3234 414 3293 licet
428 3253 570 3310 perquam
584 3237 717 3311 pauxillis
732 3255 796 3295 esse
811 3247 940 3294 creatam

259 3325 426 3399 seminibus,
438 3327 577 3400 quoniam
592 3328 704 3401 fugiens
719 3328 759 3385 nil
774 3327 913 3402 ponderis
928 3327 1029 3384 aufert.
1043 3365 1047 3377 .
1117 3346 1164 3395 230

300 3417 365 3474 Nec
380 3426 479 3475 tamen
493 3417 566 3475 haee
581 3418 704 3492 simplex
717 3419 802 3476 nobis
817 3428 920 3476 natura
933 3414 1066 3493 putanda
1080 3426 1133 3475 est.

259 3507 351 3565 tenvis
366 3508 446 3565 enim
460 3507 605 3583 quaedam
620 3508 811 3567 moribundos
826 3508 934 3567 deserit
947 3526 1017 3566 aura
