2792 4025
223 252 289 323 v1.]
466 252 522 305 DE
548 252 695 306 RERUM
720 252 893 307 NATURA
1071 256 1132 323 197

223 412 338 489 largiter
350 413 381 470 in
394 421 476 472 tanto
490 412 585 489 spatio
598 423 698 472 tamen
710 414 821 473 auferet
834 415 929 475 undis

223 513 286 563 tum
300 521 388 579 porro
403 505 481 562 venti
496 522 616 580 quoque
631 522 767 580 magnam
781 506 882 565 tollere
896 516 1011 582 partem

222 596 332 652 umoris
346 604 469 670 possunt
482 605 629 653 verrentes
642 613 780 670 aequora,
795 597 891 655 ventis

222 703 282 743 una
295 695 383 743 nocte
397 686 458 743 vias
472 686 610 759 quoniam
624 703 767 761 persaepe
780 685 915 747 videmus
1081 695 1129 761 ⁶²5

223 776 324 834 siccari
338 775 489 849 mollisque
503 775 554 833 luti
568 794 758 835 concrescere
772 788 892 837 crustas.

222 876 373 941 praeterea
386 864 474 923 docui
489 865 611 924 multum
625 883 745 941 quoque
759 866 858 925 tollere
873 868 967 926 nubes

223 974 356 1014 umorem
370 973 477 1031 magno
492 965 670 1031 conceptum
684 974 722 1013 ex
738 974 865 1031 aequore
879 957 963 1033 ponti

223 1057 253 1105 et
267 1045 375 1121 passim
388 1055 453 1104 toto
467 1056 606 1104 terrarum
621 1064 756 1120 spargere
770 1046 800 1103 in
815 1046 888 1119 orbi,

223 1154 293 1194 cum
306 1136 379 1212 pluit
392 1136 423 1193 in
438 1136 518 1194 terris
532 1146 563 1193 et
575 1136 655 1194 venti
669 1136 769 1194 nubila
782 1144 908 1210 portant.
1078 1143 1128 1208 65ο

222 1237 374 1304 postremo
388 1225 528 1301 quoniam
541 1244 606 1284 raro
620 1244 689 1283 cum
705 1243 828 1300 corpore
842 1225 927 1285 tellus

222 1327 276 1390 est,
291 1327 322 1376 et
335 1317 530 1388 coniunctast,
545 1334 610 1375 oras
624 1315 711 1374 maris
725 1315 856 1391 undique
870 1316 999 1391 cingens,

222 1407 323 1483 debet,
336 1416 369 1467 ut
381 1407 412 1466 in
424 1426 504 1465 mare
518 1407 557 1465 de
571 1406 652 1466 terris
665 1406 745 1465 venit
757 1424 843 1465 umor
855 1406 951 1481 aquai,

221 1499 253 1558 in
266 1509 356 1558 terras
369 1496 471 1557 itidem
485 1515 603 1556 manare
617 1515 655 1555 ex
668 1514 795 1571 aequore
810 1496 884 1555 salso
894 1516 905 1570 ;

221 1590 387 1666 percolatur
400 1589 720 1664 enimvirusretroque
734 1597 867 1646 remanat
1077 1594 1125 1659 655

222 1681 356 1739 materies
370 1679 478 1738 umoris
492 1689 523 1738 et
535 1677 574 1737 ad
588 1689 676 1754 caput
689 1678 824 1736 amnibus
838 1678 934 1737 omnis

222 1771 353 1843 confluit,
367 1768 437 1829 inde
451 1788 539 1845 super
552 1779 640 1828 terras
653 1767 730 1827 redit
742 1769 859 1844 agmine
874 1768 954 1826 dulci

222 1880 281 1937 qua
293 1861 341 1919 via
353 1871 434 1919 secta
448 1860 538 1918 semel
553 1859 663 1934 liquido
677 1858 754 1935 pede
769 1858 871 1916 detulit
885 1856 1004 1937 undas]

263 1953 353 2010 Nunc
366 1952 440 2009 ratio
454 1968 529 2026 quae
544 1950 589 2023 sit,
604 1967 658 2026 per
671 1949 770 2007 fauces
785 1949 892 2007 montis
906 1959 939 2006 ut
953 1951 1065 2008 Aetnae

223 2043 355 2117 expirent
369 2042 452 2118 ignes
466 2040 611 2099 interdum
625 2040 740 2098 turbine
754 2049 845 2111 tanto,
1078 2048 1128 2110 ⁶40

223 2132 389 2208 expediam.
403 2149 501 2206 neque
515 2131 595 2188 enirn
610 2130 752 2188 mediocri
766 2128 850 2188 clade
865 2139 967 2188 coorta

223 2223 361 2281 flammea
373 2231 531 2297 tempestas
547 2220 678 2279 Siculum
693 2219 846 2278 dominata
858 2236 912 2295 per
924 2237 1009 2296 agros

223 2314 353 2372 finitimis
367 2311 452 2371 adse
466 2313 609 2371 convertit
622 2311 758 2386 gentibus
771 2328 831 2382 ora,

222 2404 335 2463 fumida
347 2422 416 2462 cum
430 2403 503 2460 caeli
518 2402 671 2460 scintillare
684 2401 786 2460 omnia
799 2399 908 2474 templa

223 2504 377 2553 cernentes
390 2493 498 2570 pavida
511 2492 698 2568 complebant
712 2501 834 2568 pectora
847 2507 916 2548 cura
1075 2495 1124 2561 ⁶45

126 2657 130 2663 ⁴
223 2585 296 2662 quid
310 2585 457 2644 moliretur
469 2602 566 2642 rerum
580 2592 682 2640 natura
695 2599 846 2640 novarum.

265 2676 357 2735 Hisce
372 2675 425 2734 tibi
438 2675 469 2732 in
482 2674 569 2732 rebus
583 2673 667 2731 latest
680 2672 796 2746 alteque
810 2668 972 2730 videndum

223 2776 254 2824 et
267 2767 353 2842 longe
367 2775 488 2824 cunctas
502 2765 532 2823 in
546 2764 636 2839 partis
650 2761 876 2839 dispiciendum,

222 2867 255 2916 ut
268 2857 460 2915 reminiscaris
474 2873 619 2914 summam
632 2873 728 2913 rerum
743 2871 807 2911 esse
820 2850 997 2928 profundam

223 2957 253 3006 et
265 2947 364 3007 videas
378 2947 492 3005 caelum
506 2945 630 3004 summai
644 2945 732 3003 totius
746 2962 837 3002 unum
1076 2948 1126 3014 65ο

222 3056 311 3114 quam
325 3038 362 3097 sit
375 3037 493 3113 parvula
505 3054 571 3111 pars
585 3046 615 3093 et
628 3053 716 3110 quam
731 3033 894 3092 multesima
909 3041 1032 3104 constet,

221 3147 279 3187 nec
294 3138 356 3187 tota
368 3146 444 3204 pars,
459 3127 549 3186 homo
564 3127 649 3184 terrai
663 3135 754 3201 quota
767 3125 856 3183 totius
870 3141 954 3182 nnus

222 3218 306 3295 quod
318 3219 396 3278 bene
409 3218 593 3294 propositum
606 3218 629 3273 si
644 3216 730 3291 plane
745 3225 902 3273 contueare
963 3291 965 3295 Ι

222 3328 258 3367 ac
271 3309 372 3368 videas
386 3309 483 3384 plane,
497 3308 593 3365 mirari
607 3308 698 3364 multa
711 3306 865 3380 relinquas.

224 3400 361 3476 numquis
376 3400 454 3457 enim
468 3410 600 3456 nostrum
614 3398 732 3455 miratur
746 3397 835 3472 siquis
848 3395 879 3454 in
892 3404 970 3454 artus
1077 3399 1125 3464 655

218 3487 339 3566 ‘accepit
351 3489 447 3549 calido
461 3489 564 3548 febrim
578 3489 687 3546 fervore
703 3498 833 3546 coortam
