2792 4025
233 259 291 330 u]
468 259 524 314 ne
550 261 695 314 annun
724 261 895 315 NATURA
1090 264 1130 330 45

231 423 340 498 quique
355 440 408 482 suo
422 439 529 498 genere
544 422 618 480 inter
632 441 662 481 se
675 423 768 481 simile
781 440 846 480 esse
859 422 981 495 videbis,

231 514 302 589 quin
316 515 485 572 intercurrat
498 512 644 588 quaedam
659 512 796 572 distantia
808 513 916 572 formis

230 604 468 678 concharumque
481 621 573 679 genus
587 604 668 678 parili
682 605 794 661 ratione
803 603 939 662 videmus

229 695 349 770 pingere
364 694 471 752 telluris
486 695 637 768 gremium,
652 712 712 768 qua
724 695 859 753 mollibus
873 694 960 752 undis
1086 712 1133 765 375

229 785 320 843 litoris
334 784 445 842 incurvi
458 785 586 842 bibulam
600 784 678 859 pavit
692 803 803 859 aequor
816 786 965 843 harenam.

230 893 320 951 quare
335 876 422 933 etiam
436 884 524 951 atque
539 875 627 932 etiam
641 875 726 933 simili
740 876 852 934 ratione
866 883 1024 947 necessest,

229 975 332 1024 natura
345 966 485 1041 quoniam
501 973 636 1023 constant
649 983 747 1040 neque
760 965 837 1024 facta
850 983 939 1023 manu
953 976 1022 1024 sunt

229 1056 315 1114 unius
330 1055 368 1113 ad
383 1065 491 1113 certam
506 1056 629 1112 formam
643 1055 803 1130 primordia
815 1074 922 1128 rerum,

229 1145 360 1204 dissimili
373 1146 448 1204 inter
460 1164 492 1202 se
507 1145 653 1220 quaedam
665 1146 784 1203 volitare
798 1147 898 1221 figura.
1084 1155 1135 1217 380

270 1236 409 1294 Perfacile
424 1245 467 1293 est
481 1237 530 1293 tali
543 1236 655 1293 ratione
670 1236 819 1294 exsolvere
833 1236 919 1297 nobis

229 1344 318 1401 quare
328 1326 482 1384 fulmineus
497 1326 589 1384 multo
603 1326 778 1401 penetralior
791 1327 864 1408 ignis

229 1435 318 1491 quam
332 1426 431 1474 noster
444 1417 505 1474 fuat
519 1435 536 1474 e
550 1415 643 1475 taedis
657 1417 837 1476 terrestribus
850 1426 950 1490 ortus;

228 1506 327 1564 dicere
342 1507 421 1565 enim
435 1507 528 1582 possis
543 1507 700 1565 caelestem
714 1507 840 1565 fulminis
854 1509 953 1584 ignem

228 1599 365 1674 suptilem
378 1599 470 1674 magis
484 1616 501 1655 e
515 1599 609 1673 parvis
624 1607 758 1656 constare
772 1599 871 1674 liguris
1083 1607 1132 1672 385

228 1699 317 1766 atque
331 1688 400 1748 ideo
413 1689 532 1747 transire
547 1690 688 1748 foramina
701 1707 777 1764 quae
791 1690 894 1764 nequit
907 1689 981 1766 ignis

228 1790 328 1839 noster
340 1781 389 1838 hic
403 1798 420 1838 e
434 1780 518 1856 lignis
532 1789 611 1838 onus
625 1780 771 1855 taedaque
786 1783 909 1839 creatus.

227 1881 360 1948 praterea
372 1871 472 1928 lumen
486 1888 539 1946 per
552 1889 676 1936 cornum
690 1871 800 1943 transit,
814 1881 845 1929 at
855 1871 949 1931 imber

227 1962 379 2039 respuitur.
401 1963 513 2037 quare?
532 1961 587 2020 nisi
601 1961 717 2021 luminis
730 1962 778 2020 illa
790 1963 905 2021 minora

228 2072 352 2129 corpora
365 2062 432 2111 sunt
445 2071 535 2127 quam
549 2051 588 2111 de
602 2053 709 2128 quibus
719 2063 764 2110 est
773 2053 869 2127 liquor
878 2053 971 2117 almus
981 2071 1132 2129 aquarum.

228 2153 259 2201 et
273 2144 403 2219 quamvis
417 2144 513 2203 subito
526 2160 581 2218 per
593 2144 692 2201 colum
706 2144 773 2201 vina
786 2143 920 2202 videmus
1082 2165 1130 2217 39¹

228 2235 389 2310 perfluere3
411 2244 440 2291 at
454 2243 555 2291 contra
567 2233 683 2291 tardum
697 2243 851 2291 cunctatur
863 2235 983 2307 olivom,

228 2334 278 2383 aut
292 2326 361 2399 quia
373 2324 509 2381 nimirum
524 2324 680 2383 maioribus
694 2333 740 2382 est
752 2324 904 2382 elementis

228 2425 279 2473 aut
292 2415 383 2489 magis
398 2414 520 2473 hamatis
533 2415 609 2472 inter
622 2432 654 2473 se
668 2432 780 2489 perque
793 2414 916 2489 plicatis,

228 2513 316 2579 atque
330 2505 398 2562 ideo
413 2506 445 2562 fit
458 2505 501 2562 uti
514 2523 574 2563 non
588 2514 649 2563 tam
662 2504 785 2562 diducta
797 2514 919 2579 repente
1082 2523 1131 2578 395

228 2596 303 2653 inter
317 2614 348 2653 se
362 2595 474 2671 possint
488 2593 647 2670 primordia
659 2595 773 2669 singula
785 2612 921 2669 quaeque

228 2685 340 2760 singula
353 2704 406 2761 per
419 2686 560 2760 cuiusque
573 2685 717 2743 foramina
730 2702 910 2759 permanare.

269 2777 340 2833 Huc
354 2774 470 2833 accedit
484 2777 526 2833 uti
539 2776 631 2833 mellis
644 2776 785 2850 lactisque
799 2775 925 2849 liquores

228 2865 359 2924 iucundo
373 2884 462 2925 sensu
475 2867 590 2941 linguae
605 2875 765 2924 tractentur
778 2866 808 2923 in
821 2884 872 2924 ore
883 2886 893 2939 3

228 2965 258 3014 at
272 2966 374 3013 contra
387 2966 478 3014 taetra
491 2956 615 3015 absinthi
631 2966 734 3015 natura
747 2957 858 3031 ferique

228 3048 358 3105 centauri
371 3047 461 3105 foedo
474 3057 664 3122 pertorquent
678 3066 730 3106 ora
743 3065 865 3123 sapore;

228 3146 261 3195 ut
275 3136 357 3195 facile
371 3156 513 3212 agnoscas
527 3155 544 3195 e
558 3138 669 3197 levibus
683 3148 771 3213 atque
785 3136 919 3195 rutundis

228 3244 293 3285 esse
308 3246 433 3302 eaquae
447 3246 547 3286 sensus
561 3226 690 3286 iucunde
704 3237 823 3303 tangere
838 3235 971 3303 possunt,

228 3326 259 3375 at
272 3326 374 3375 contra
387 3336 463 3393 quae
476 3337 573 3376 amara
587 3329 675 3394 atque
689 3338 793 3393 aspera
805 3335 933 3392 cumque
947 3315 1090 3387 videntur,

228 3406 303 3465 haec
316 3409 408 3483 magis
422 3408 544 3466 hamatis
557 3410 632 3467 inter
645 3428 676 3468 se
691 3428 768 3467 nexa
780 3409 873 3467 teneri
1081 3424 1129 3476 405

228 3506 443 3574 proptereaque
457 3500 550 3558 solere
563 3501 623 3557 vias
637 3499 802 3557 rescindere
816 3499 921 3557 nostris
