2792 4025
206 277 270 349 1v.]
329 312 343 361 ·.'
359 278 414 332 DE
440 279 587 333 RERUM
615 280 788 335 NATURA
1052 284 1110 348 133

204 456 261 495 nec
275 456 328 496 sua
341 439 501 513 respiciunt
513 440 610 498 miseri
623 441 700 498 mala
714 440 840 499 maxima
853 460 951 517 saepe.

204 529 286 604 nigra
300 529 455 587 melichrus
469 540 522 601 est,
538 531 680 589 inmunda
694 541 724 589 et
739 531 829 589 fetida
842 550 988 605 acosmos,
1048 540 1112 590 1160

205 620 302 677 caesia
316 619 488 691 Palladium,
502 639 626 680 nervosa
640 632 670 679 et
683 622 780 697 lignea
794 622 908 694 dorcas,

204 710 332 785 parvula,
346 711 479 785 pumilio,
494 712 625 769 chariton
641 713 707 783 mia,
724 722 785 769 tota
799 732 911 771 merum
927 713 977 785 sal,

204 818 311 874 magna
324 810 411 874 atque
426 801 551 859 inmanis
565 803 724 876 cataplexis
738 804 882 877 plenaque
898 804 1026 863 honoris.

204 892 291 951 balba
304 892 385 968 loqui
398 911 459 950 non
473 894 545 968 quit,
560 895 677 965 tranlizi,
693 904 773 952 muta
787 895 903 969 pudens
918 906 981 970 est;

204 992 234 1040 at
248 982 370 1057 flagrans
384 982 487 1042 odiosa
500 984 655 1058 loquacula
669 985 862 1060 Lampadium
878 988 919 1045 fit.
1050 994 1111 1058 1165

205 1072 330 1131 ischnon
344 1074 515 1131 eromenion
530 1084 593 1132 tum
607 1075 648 1145 fit,
663 1094 732 1133 cum
747 1076 841 1133 vivere
856 1094 916 1135 non
931 1078 993 1152 quit

204 1180 274 1239 prae
289 1163 384 1221 macie
395 1184 404 1235 ;
425 1163 547 1222 rhadine
560 1175 658 1223 verost
671 1166 730 1223 iam
744 1176 859 1223 mortua
872 1167 951 1225 tussi.

205 1263 235 1311 at
249 1254 362 1311 tumida
375 1263 405 1311 et
419 1273 581 1313 mammosa
594 1256 685 1314 Ceres
699 1266 743 1315 est
758 1257 821 1331 ipsa
835 1257 873 1314 ab
888 1257 1009 1330 Iaccho,

206 1344 310 1402 simula
323 1344 420 1402 Silena
432 1363 468 1402 ac
481 1355 612 1416 saturast,
627 1346 746 1404 labeosa
759 1346 896 1421 philema.

206 1443 303 1493 cetera
317 1433 355 1492 de
369 1452 476 1510 genere
490 1435 548 1493 hoc
562 1436 683 1511 longum
697 1446 742 1494 est
755 1437 778 1494 si
795 1436 892 1495 dicere
907 1455 1007 1496 coner.
1051 1459 1114 1505 1170

206 1523 260 1583 sed
274 1534 373 1582 tamen
387 1535 451 1583 esto
465 1526 524 1583 iam
538 1526 692 1600 quantovis
707 1527 764 1584 oris
779 1526 900 1600 honore,

206 1614 255 1672 cui
267 1615 390 1673 Veneris
404 1617 542 1675 membris
555 1617 598 1674 vis
613 1617 749 1676 omnibus
763 1618 924 1675 exoriatur:
1184 1688 1187 1693 Ι

205 1723 314 1779 nempe
323 1705 396 1762 aliae
406 1724 524 1781 quoque
534 1716 620 1778 sunt3
634 1725 744 1782 nempe
754 1707 809 1765 hac
821 1709 883 1767 sine
892 1709 1015 1766 viximus
1025 1720 1092 1767 ante
1104 1730 1114 1781 ;

206 1813 314 1871 nempe
329 1794 434 1853 eadem
448 1797 525 1871 facit,
540 1806 570 1854 et
584 1798 691 1855 scimus
706 1798 811 1869 facere,
826 1800 926 1857 omnia
939 1800 1024 1874 turpi,

206 1894 237 1946 et
250 1886 386 1943 miseram
400 1887 498 1945 taetris
511 1904 542 1945 se
557 1886 634 1945 suffit
648 1887 788 1946 odoribus
803 1888 867 1963 ipsa
1050 1908 1111 1961 1¹75

207 1994 295 2052 quam
309 1976 433 2035 famulae
448 1977 534 2052 longe
548 1977 671 2053 fugitant
684 1979 840 2054 furtimque
855 1978 1039 2040 cachinnant.

206 2076 236 2124 at
249 2067 403 2126 lacrimans
417 2068 551 2126 exclusus
565 2079 678 2126 amator
692 2070 792 2127 limina
806 2088 894 2145 saepe

207 2157 326 2216 floribus
340 2168 371 2215 et
384 2159 466 2216 sertis
480 2160 575 2233 operit
589 2161 741 2234 postisque
756 2161 898 2235 superbos

205 2248 310 2323 unguit
322 2249 489 2306 amaracino
504 2258 533 2306 et
547 2249 656 2309 foribus
670 2251 758 2308 miser
772 2250 872 2308 oscula
885 2251 946 2326 figit
958 2271 966 2322 ;

207 2356 296 2413 quem
311 2339 343 2410 si,
355 2339 413 2396 iam
428 2340 606 2410 ammissum,
616 2341 784 2398 venientem
798 2340 952 2398 offenderit
966 2360 1035 2400 aura
1052 2350 1114 2399 1180

206 2447 267 2486 una
279 2428 382 2501 mod0‚
397 2448 500 2488 causas
514 2431 643 2488 abeundi
657 2441 778 2505 quaerat
792 2431 940 2503 honestas,

207 2529 238 2577 et
251 2519 392 2577 meditata
405 2519 456 2578 diu
470 2520 558 2578 cadat
571 2522 628 2579 alte
643 2532 762 2596 sumpta
775 2521 912 2596 querella,

207 2610 383 2685 stultitiaque
397 2611 438 2669 ibi
452 2629 483 2669 se
498 2611 628 2682 damnet,
643 2612 776 2670 tribuisse
791 2611 873 2686 quod
888 2613 927 2671 illi

206 2700 272 2775 plus
285 2700 383 2758 videat
396 2719 485 2776 quam
500 2703 613 2759 mortali
627 2702 793 2760 concedere
807 2721 860 2778 par
874 2713 925 2762 est.

206 2808 263 2848 nec
276 2791 407 2849 Veneres
420 2802 533 2850 nostras
547 2792 605 2851 hoc
620 2793 708 2866 sallit,·
730 2811 790 2868 quo
805 2795 898 2869 magis
912 2794 992 2869 ipsae
1050 2801 1112 2865 1185

208 2881 307 2938 omnia
321 2900 436 2939 summo
450 2900 540 2956 opere
554 2883 608 2941 hos
622 2884 697 2941 vitae
712 2884 870 2959 poscaenia
884 2884 980 2942 celant

208 2988 282 3045 quos
296 2972 418 3029 retinere
432 2972 533 3030 volunt
547 2973 758 3048 adstrictosque
773 2992 836 3032 esse
851 2975 881 3031 in
894 2992 1003 3045 amore,

207 3061 396 3137 nequiquam,
411 3063 549 3136 qnoniam
565 3073 596 3120 tu
611 3065 710 3122 animo
724 3073 824 3122 tamen
838 3065 937 3123 omnia
950 3064 1044 3140 possis

207 3151 375 3225 protrahere
389 3152 420 3208 in
433 3152 530 3211 lucem
544 3163 632 3228 atque
646 3155 742 3212 omnis
757 3155 900 3229 inquirere
914 3156 987 3214 risus
1035 3222 1038 3228 ,

208 3250 246 3310 et,
261 3241 286 3298 si
299 3241 376 3298 hello
390 3242 517 3300 animost
530 3253 560 3302 et
573 3262 635 3302 non
649 3244 762 3316 odiosa,
777 3245 904 3303 vicissim
1046 3265 1110 3318 1190

207 3332 417 3406 pratermittere
431 3342 461 3390 et
474 3333 608 3393 humanis
621 3334 786 3392 concedere
800 3335 895 3394 rebus·
1118 3334 1122 3346 ⁴

248 3422 277 3478 N
279 3439 315 3480 ec
328 3423 432 3480 mulier
444 3441 561 3498 semper
574 3425 644 3483 ficto
659 3425 782 3500 suspirat
795 3443 894 3484 amore

205 3529 282 3586 quae
297 3513 452 3588 complexa
463 3514 516 3573 viri
529 3533 635 3591 corpus
649 3534 719 3573 cum
732 3534 855 3591 corpore
869 3516 961 3592 iungit
