2792 4025
217 288 273 359 ΙΙ.]
450 288 505 341 DE
536 288 683 342 RERUM
710 289 882 343 NATURA
1074 294 1114 356 41

213 459 370 526 propterea
382 450 451 525 quia
465 468 571 526 corpus
585 469 678 526 aquae
692 460 852 526 naturaque
866 454 959 512 tenvis

214 541 287 598 aelris
302 540 371 598 haut
384 550 507 617 possunt
520 559 613 616 aeque
628 560 690 599 rem
705 561 853 617 quamque
868 543 984 616 morari,

214 631 267 689 sed
282 632 365 689 citius
379 631 490 689 cedunt
503 633 680 706 gravioribus
694 644 887 708 exsuperata;

214 730 244 779 at
258 732 359 779 contra
372 722 442 780 nulli
456 721 495 780 de
508 723 587 780 nulla
601 733 681 797 parte
696 741 794 798 neque
808 724 867 782 ullo
948 791 953 796 .
1072 743 1117 797 ²35

214 821 346 886 tempore
360 812 446 869 inane
461 821 559 887 potest
571 831 697 870 vacuum
711 814 867 872 subsistere
880 814 932 886 rei,

214 903 294 976 quin,
309 921 361 960 sua
374 902 456 977 quod
470 913 572 960 natura
585 904 667 978 petit,
682 903 849 962 concedere
863 915 985 980 pergat3

214 993 313 1050 omnia
324 1003 501 1068 quapropter
514 992 625 1051 debent
638 1011 691 1068 per
704 995 791 1052 inane
805 995 937 1069 quietum

214 1101 308 1158 aeque
322 1083 501 1158 ponderibus
516 1102 576 1142 non
591 1084 690 1158 aequis
705 1085 823 1142 concita
836 1085 910 1142 ferri.

214 1173 293 1232 haud
307 1174 392 1248 igitur
405 1183 543 1249 potemnt
556 1175 711 1232 levioribus
725 1174 854 1232 incidere
869 1192 1010 1247 umquam
1072 1196 1120 1244 240

214 1281 251 1322 ex
265 1282 371 1338 supero
385 1265 515 1339 graviora
529 1281 625 1338 neque
640 1265 715 1322 ictus
728 1265 847 1339 gignere
861 1282 960 1339 perse

214 1355 266 1429 qui
278 1355 389 1412 varient
403 1364 499 1412 motus
513 1372 566 1429 per
580 1371 654 1428 quos
668 1364 771 1412 natura
783 1365 864 1430 gerat
877 1373 933 1413 res.

214 1462 304 1520 quare
319 1445 406 1502 etiam
421 1454 508 1519 atque
523 1445 611 1502 etiam
625 1444 744 1520 paulum
757 1445 895 1503 inclinare
910 1454 1060 1503 necessest

213 1552 356 1610 corpora;
377 1553 434 1594 nec
448 1535 512 1610 plus
527 1553 616 1610 quam
630 1535 794 1606 minimum,
808 1554 846 1592 ne
860 1536 970 1611 fingere
984 1545 1082 1593 motus

214 1625 349 1700 obliquos
363 1624 514 1683 videamur
527 1635 557 1684 et
571 1625 601 1683 id
615 1618 661 1684 res¹
675 1643 744 1684 vera
756 1627 870 1685 refutet.
1072 1644 1117 1697 ²45

215 1734 342 1791 namque
358 1715 415 1773 hoc
429 1715 459 1774 in
472 1725 610 1791 promptu
625 1717 870 1790 manifestumque
885 1734 949 1774 esse
962 1716 1106 1790 videmus,

214 1805 354 1883 pondera,
366 1815 507 1881 quantum
521 1807 551 1864 in
565 1816 633 1880 sest,
647 1825 709 1865 non
722 1825 810 1882 posse
824 1807 943 1881 obliqua
957 1825 1064 1878 meare,

214 1915 252 1955 ex
265 1914 371 1972 supero
386 1915 453 1953 cum
467 1897 668 1972 praecipitant,
683 1896 765 1971 quod
779 1914 897 1955 cernere
912 1898 1025 1972 possis3

214 1985 268 2047 sed
282 1987 322 2045 nil
336 1987 457 2046 omnino
472 1997 552 2047 recta
565 1987 683 2063 regione
697 1987 756 2047 viai

214 2079 361 2137 declinare
376 2079 440 2153 quis
454 2087 498 2136 est
512 2079 563 2152 qui
577 2078 669 2153 possit
682 2096 802 2137 cernere
816 2079 902 2137 sese?
1072 2096 1120 2148 250

255 2169 394 2244 Denique
407 2168 431 2227 si
442 2186 557 2243 semper
571 2178 667 2227 motus
682 2169 845 2227 conectitur
859 2168 955 2228 omnis

214 2269 244 2319 et
257 2270 355 2318 vetere
371 2260 498 2318 exoritur
510 2277 626 2334 semper
640 2278 734 2317 novus
748 2258 850 2317 ordine
865 2269 947 2317 certo

213 2368 271 2410 nec
285 2350 461 2409 declinando
476 2349 585 2408 faciunt
599 2349 758 2424 primordia
771 2358 870 2408 motus

213 2441 390 2517 principium
404 2438 557 2515 quoddam
571 2439 652 2514 quod
665 2440 717 2497 fati
730 2438 850 2497 foedera
862 2448 986 2513 mmpat‚

214 2548 252 2589 ex
265 2532 378 2589 infinito
392 2549 430 2589 ne
445 2549 563 2588 causam
578 2548 666 2588 causa
679 2540 826 2604 sequatur,
1071 2548 1117 2601 ²55

213 2622 305 2681 libera
317 2640 370 2697 per
383 2631 471 2681 terras
485 2621 565 2679 unde
580 2620 653 2679 haec
666 2620 862 2678 animantibus
876 2628 978 2691 exstat,

214 2712 293 2771 unde
308 2722 352 2771 est
366 2712 448 2784 haec,
463 2713 592 2788 inquam,
607 2711 672 2769 fatis
685 2711 785 2769 avolsa
798 2720 928 2786 potestas

214 2822 369 2880 perquam
383 2802 585 2879 progredimur
598 2821 658 2877 quo
673 2801 754 2860 ducit
768 2818 916 2876 quemque
929 2799 1071 2873 voluntas

214 2892 395 2952 declinamus
409 2894 479 2952 item
493 2902 590 2952 motus
604 2910 660 2951 nec
674 2903 808 2967 tempore
822 2902 905 2950 certo

214 3001 271 3042 nec
284 2984 404 3059 regione
418 2983 477 3042 loci
491 2993 577 3055 certa,
592 2983 645 3041 sed
659 2984 711 3041 ubi
725 2984 788 3058 ipsa
797 2982 862 3039 tulit
876 2981 981 3039 meus?
1070 2989 1118 3038 260

214 3093 283 3133 nam
298 3074 389 3132 dubio
403 3073 506 3150 procul
519 3074 563 3132 his
577 3074 664 3132 rebus
678 3092 731 3130 sua
744 3073 851 3148 cuique
864 3072 999 3130 voluntas

214 3164 389 3240 principium
404 3164 454 3222 dat
468 3174 497 3222 et
511 3164 579 3221 hinc
594 3174 689 3222 motus
704 3181 757 3238 per
770 3162 899 3221 membra
912 3161 1047 3236 rigantur.

214 3272 314 3312 nonne
325 3254 406 3312 vides
420 3254 509 3312 etiarn
522 3254 674 3329 patefactis
688 3262 822 3328 tempore
836 3260 948 3328 puncto

215 3345 378 3403 carceribus
391 3362 452 3402 non
467 3362 552 3418 posse
567 3354 666 3402 tamen
680 3360 870 3417 prommpere
884 3359 1029 3415 equorum

214 3436 273 3492 vim
283 3433 421 3510 cupidam
435 3443 494 3491 tarn
509 3433 547 3493 de
562 3435 657 3492 subito
673 3452 762 3507 quam
776 3452 860 3491 mens
875 3441 941 3492 avet
954 3432 1039 3508 ipsa?
1071 3438 1117 3501 ²⁶3

216 3525 311 3583 omnis
325 3525 405 3583 enim
420 3533 513 3598 totum
528 3543 579 3600 per
593 3542 701 3599 corpus
714 3524 844 3582 materiai
