2792 4025
231 261 286 330 ll.]
470 262 525 314 DE
551 262 698 316 RERUM
727 261 898 316 NATURA
1091 267 1136 331 49

196 463 198 468 -
228 423 346 481 naribus
360 424 475 482 auribus
489 434 577 499 atque
592 426 684 484 oculis
699 428 815 503 orisque
830 428 937 502 sapori.

229 530 306 587 quae
319 515 458 588 quoniam
473 535 534 573 non
547 526 623 587 sunt,
638 516 692 574 sed
704 518 793 575 rebus
807 517 923 575 reddita
936 527 1017 576 certa

229 604 294 662 finis
308 606 453 680 utrimque
467 615 548 663 tenet
562 625 716 678 summam,
731 608 838 667 fateare
853 619 1002 668 necessest

228 696 380 752 materiem
394 714 513 770 quoque
528 697 615 754 finitis
630 697 744 756 differre
759 700 866 774 figuris

229 783 358 860 denique
372 786 410 844 ab
425 786 538 860 ignibus
552 786 591 844 ad
605 787 716 862 gelidas
730 790 784 847 iter
798 808 891 864 usque
905 790 1023 865 pruinas
1084 807 1112 859 5¹
1117 805 1131 860 5

231 875 374 933 finitumst
388 886 523 950 retroque
538 877 600 952 pari
614 879 726 936 ratione
739 889 954 952 remensumst;

230 965 325 1023 omnis
339 967 418 1023 enim
433 967 511 1024 calor
524 986 559 1024 ac
572 967 669 1043 frigus,
685 968 833 1043 mediique
847 979 964 1044 tepores

230 1055 440 1131 interutrasque
454 1057 551 1114 iacent
566 1059 717 1132 explentes
731 1059 835 1118 ordine
848 1078 1003 1120 summam.

230 1164 301 1221 ergo
315 1146 396 1204 finita
409 1146 518 1206 distant
530 1148 641 1206 ratione
656 1159 762 1221 creata,

229 1237 351 1311 ancipiti
365 1238 505 1312 quoniam
521 1240 655 1297 mucroni
669 1240 816 1314 utrimque
830 1250 978 1313 notantur,
1090 1259 1139 1311 5²⁰

230 1327 300 1385 hinc
315 1327 437 1386 flammis
451 1328 529 1386 illinc
542 1329 641 1404 rigidis
655 1330 759 1387 infesta
771 1331 890 1406 pruinis.

272 1416 364 1492 Quod
377 1419 519 1493 quoniam
533 1419 631 1491 docui,
646 1438 766 1495 pergam
780 1431 937 1480 conectere
950 1439 1013 1479 rem
1027 1439 1105 1497 quae

231 1527 268 1567 ex
282 1509 340 1567 hoc
353 1519 423 1584 apta
436 1509 526 1567 fidem
540 1509 638 1582 ducat,
653 1510 814 1586 primordia
827 1530 933 1584 rerum,

230 1601 306 1659 inter
319 1618 351 1658 se
366 1601 451 1658 simili
464 1619 540 1675 quae
554 1611 622 1660 sunt
635 1603 768 1676 perfecta
783 1602 883 1678 figura,

231 1692 345 1749 infinita
359 1691 465 1748 cluere.
489 1692 596 1749 etenim
611 1691 749 1750 distantia
762 1711 831 1750 cum
845 1693 883 1751 sit
1092 1711 1138 1763 525

232 1782 389 1840 formarum
397 1782 487 1852 finita,
502 1800 624 1840 necesse
638 1793 683 1840 est
696 1801 774 1858 quae
788 1785 896 1843 similes
911 1785 969 1843 siut

232 1890 296 1930 esse
311 1872 437 1930 infinitas
452 1882 502 1930 aut
516 1891 660 1930 summam
675 1874 805 1931 materiai

232 1962 344 2021 linitam
359 1972 502 2035 constare,
517 1962 548 2022 id
562 1963 644 2038 quod
660 1982 722 2022 non
737 1981 801 2023 esse
816 1964 938 2041 probavi

233 2054 362 2112 versibus
376 2053 536 2112 ostendens
551 2055 725 2129 corpuscula
738 2056 870 2113 materiai

234 2161 271 2201 ex
285 2144 399 2202 infinito
415 2163 560 2203 summam
574 2163 670 2203 rerum
685 2164 779 2219 usque
793 2155 903 2218 tenere,
1092 2164 1142 2217 530

233 2232 364 2309 undique
378 2236 492 2310 protelo
507 2235 656 2311 plagarum
672 2236 853 2293 continuato.

234 2341 304 2381 nam
317 2325 399 2399 quod
413 2344 476 2383 rara
489 2325 571 2385 vides
586 2326 678 2401 magis
691 2343 757 2383 esse
771 2326 907 2383 animalia
920 2324 1067 2399 quaedam

235 2413 451 2496 fecundamque
467 2417 562 2475 minus
577 2426 710 2474 naturam
725 2416 820 2473 cernis
834 2416 864 2473 in
879 2416 942 2488 illis,

235 2514 265 2561 at
278 2506 396 2580 regione
411 2507 537 2580 locoque
551 2508 607 2565 alio
624 2507 765 2581 terrisque
779 2506 899 2564 remotis

236 2595 326 2652 multa
339 2596 406 2653 licet
420 2614 526 2671 genere
541 2615 605 2655 esse
621 2598 650 2655 in
667 2616 706 2656 eo
719 2612 934 2670 numerumque
948 2596 1070 2671 repleri3
1092 2614 1140 2667 535

236 2685 311 2742 sicut
324 2684 537 2761 quadripedum
553 2706 621 2745 cum
635 2687 735 2763 primis
749 2705 813 2746 esse
827 2686 960 2744 videmus

236 2775 266 2832 in
280 2794 387 2849 genere
401 2777 592 2852 anguimanus
607 2778 789 2854 elephantos,
806 2776 893 2836 India
905 2794 1031 2852 quorum

236 2866 351 2924 milibus
366 2884 382 2923 e
397 2867 493 2925 multis
507 2868 582 2926 vallo
596 2870 726 2927 munitur
738 2870 861 2940 eburn0,

237 2965 270 3014 ut
281 2956 396 3030 penitus
410 2968 538 3032 nequeat
551 2959 714 3033 penetrari:
735 2970 817 3017 tanta
830 2960 955 3017 ferarum

236 3046 279 3103 vis
294 3055 346 3118 est,
361 3063 482 3121 quarum
498 3066 552 3106 nos
567 3067 715 3125 perpauca
728 3050 862 3124 exempla
875 3048 1018 3107 videmus.
1093 3065 1143 3117 540

238 3136 291 3193 sed
305 3146 404 3195 tamen
419 3136 450 3195 id
464 3156 582 3213 quoque
597 3140 640 3197 uti
653 3139 829 3211 concedam,
844 3139 1015 3214 quemlubet
1029 3146 1094 3196 esto

237 3226 326 3283 unica
338 3245 383 3285 res
398 3228 544 3303 quaedam
557 3230 654 3288 nativo
669 3247 792 3305 corpore
806 3229 877 3300 sola,

239 3318 287 3375 cui
301 3317 399 3376 similis
414 3328 477 3377 toto
491 3328 629 3378 terrarum
643 3321 723 3378 nulla
736 3321 772 3379 sit
786 3320 868 3392 orbi;

239 3408 352 3465 infinita
364 3417 462 3466 tamen
477 3410 532 3468 nisi
546 3411 599 3468 erit
611 3411 654 3469 vis
668 3410 799 3469 materiai

239 3495 318 3555 unde
333 3517 369 3556 ea
381 3500 512 3575 progigni
527 3502 619 3575 possit
633 3511 787 3577 concepta,
802 3498 893 3557 creari
1094 3514 1142 3569 545

679 3613 695 3660 4
