2792 4025
291 259 335 326 66
629 272 862 328 rucnarrus
1149 267 1204 344 [11.

291 435 486 512 primigenum
500 435 586 493 maris
601 444 630 494 et
644 444 737 493 terrae
751 435 878 509 solisque
893 443 1027 493 coortum

291 526 392 585 addita
407 544 529 601 corpora
543 535 608 584 sunt
624 526 810 597 extrinsecus
826 524 927 583 addita
940 526 1052 583 circum

291 619 404 676 semina
417 635 493 692 quae
507 634 646 691 magnum
660 615 816 674 iaculando
831 616 953 674 contulit
966 634 1055 674 omne
1066 637 1075 689 3

290 708 370 766 unde
385 725 465 766 mare
480 716 509 766 et
520 716 611 764 terrae
625 716 746 782 possent
760 725 917 781 augescere
931 716 962 764 et
976 706 1055 765 unde

291 808 443 874 appareret
457 799 581 874 spatium
597 798 669 855 caeli
683 796 790 856 domus
804 797 919 872 altaque
934 807 1010 855 tecta
1132 820 1195 855 1110

290 891 403 948 tolleret
416 908 433 947 a
447 890 527 946 terris
541 888 644 965 procul
658 897 688 946 et
702 898 890 962 consurgeret
903 888 960 946 adr.

290 999 358 1038 nam
372 998 424 1038 sua
438 980 543 1054 cuique
557 979 629 1038 locis
643 997 680 1036 ex
694 979 830 1036 omnibus
844 979 944 1036 omnia
957 978 1048 1054 plagis

290 1089 414 1146 corpora
428 1071 635 1128 distribuuntur
649 1079 678 1128 et
692 1068 731 1127 ad
746 1087 799 1127 sua
813 1071 908 1127 saecla
922 1069 1073 1140 recedunt,

290 1181 375 1220 umor
388 1162 427 1220 ad
440 1181 582 1233 umorem,
598 1171 712 1219 terreno
727 1177 851 1236 corpore
865 1170 941 1218 terra

289 1253 394 1310 crescit
408 1261 437 1310 et
451 1254 548 1328 ignem
563 1253 643 1326 ignes
657 1250 825 1326 procudunt
839 1251 1014 1325 aetheraque
1029 1250 1138 1321 aether,

290 1342 419 1418 donique
434 1343 472 1402 ad
486 1355 645 1400 extremam
660 1341 812 1400 crescendi
827 1342 936 1418 perfica
949 1343 1039 1400 finem
1130 1348 1193 1398 1116

289 1435 389 1492 omnia
403 1433 538 1509 perduxit
551 1451 646 1490 rerum
660 1443 763 1491 natura
776 1433 918 1506 creatri115

189 1597 191 1606 Ι
289 1535 321 1583 ut
334 1526 366 1583 fit
379 1527 429 1583 ubi
443 1526 502 1583 nilo
516 1526 574 1582 iam
588 1526 652 1599 plus
667 1535 711 1582 est
724 1524 806 1599 quod
821 1524 905 1582 datur
918 1524 993 1582 intra

288 1616 380 1675 vitalis
394 1634 483 1674 venas
498 1634 586 1691 quam
601 1615 683 1691 quod
697 1615 758 1673 fluit
772 1615 869 1690 adque
883 1613 1004 1673 recedit

289 1706 424 1764 omnibus
439 1705 487 1763 hic
501 1715 579 1762 aetas
594 1705 683 1763 debet
697 1706 855 1764 consistere
869 1706 965 1777 rebuS,
1129 1725 1192 1760 1120

289 1796 337 1853 hic
351 1805 452 1854 natura
466 1796 523 1854 suis
537 1797 662 1854 refrenat
674 1797 781 1855 viribus
795 1806 923 1854 auctum.

288 1905 357 1944 nam
373 1905 576 1961 quaecumque
590 1886 671 1944 vides
686 1886 777 1944 hilaro
790 1886 982 1962 grandescere
997 1883 1124 1943 adauctu

287 1977 485 2053 paulatimque
500 1977 605 2053 gradus
620 1978 721 2036 aetatis
735 1977 875 2036 scandere
890 1976 1016 2049 adultae,

287 2068 369 2144 plura
383 2069 438 2127 sibi
451 2068 608 2127 adsumunt
622 2088 711 2143 quam
726 2068 764 2127 de
779 2088 810 2128 se
825 2087 948 2145 corpora
962 2069 1091 2141 mittunt,

288 2159 359 2217 dum
373 2160 456 2217 facile
471 2160 503 2217 in
516 2178 604 2218 venas
619 2161 701 2217 cibus
715 2161 810 2217 omnis
825 2160 933 2218 inditur
946 2169 976 2217 et
990 2159 1062 2217 dum
1129 2176 1189 2229 1125

287 2268 348 2308 non
362 2251 402 2308 ita
416 2261 482 2309 sunt
495 2250 551 2309 late
566 2250 697 2325 dispersa
711 2260 743 2308 ut
758 2251 849 2308 multa
861 2252 1009 2309 remittant

287 2350 317 2399 et
330 2342 395 2416 plus
409 2341 545 2417 dispendi
560 2342 667 2399 saciant
681 2360 769 2415 quam
783 2342 909 2399 vescitur
922 2351 1010 2400 aetas.

286 2450 354 2489 nam
370 2441 448 2490 certe
463 2432 550 2489 fluere
565 2432 661 2507 adque
675 2432 814 2490 recedere
829 2450 953 2508 corpora
965 2434 1052 2490 rebus

287 2522 377 2579 multa
391 2540 493 2579 manus
508 2521 638 2579 dandum
654 2532 717 2595 est;
739 2522 792 2581 sed
806 2523 889 2598 plura
901 2522 1043 2581 accedere
1057 2521 1177 2595 debent,

287 2610 384 2669 donec
398 2612 544 2670 alescendi
559 2631 705 2671 summum
719 2614 839 2688 tetigere
855 2632 1007 2672 cacumen.
1028 2660 1033 2667 .
1129 2632 1191 2681 1130

286 2701 356 2759 inde
371 2702 535 2760 minutatim
549 2704 623 2761 vires
639 2714 668 2761 et
681 2706 770 2763 robur
784 2703 916 2762 adultum

286 2792 391 2867 frangit
404 2802 433 2851 et
447 2796 477 2851 in
491 2803 603 2868 partem
614 2795 745 2869 peiorem
758 2795 876 2869 liquitur
889 2805 977 2853 aetas.

286 2884 396 2958 quippe
408 2884 516 2941 etenim
525 2895 635 2959 quanto
646 2894 689 2942 est
699 2904 744 2943 res
753 2886 884 2960 amplior,
894 2886 1030 2961 augmine
1039 2883 1190 2957 adempto,

286 2982 316 3031 et
330 2992 390 3048 quo
403 2974 488 3032 latior
501 2984 554 3047 est,
569 2975 599 3033 in
614 2986 734 3033 cunctas
748 2975 878 3051 undique
893 2977 981 3050 partis

285 3063 367 3139 plura
381 3063 472 3122 modo
487 3064 625 3141 dispargit
640 3076 669 3124 et
683 3067 721 3123 ab
735 3085 766 3123 se
782 3084 906 3141 corpora
919 3067 1015 3138 mittit,
1128 3084 1189 3136 1135

286 3173 342 3212 nec
357 3155 439 3213 facile
454 3156 484 3212 in
498 3174 587 3215 venas
602 3157 683 3214 cibus
700 3157 794 3215 omnis
809 3156 918 3214 diditur
932 3156 960 3214 ei

285 3264 341 3302 nec
356 3246 422 3303 satis
438 3256 490 3317 est,
505 3265 647 3321 proquam
663 3247 756 3319 largos
772 3256 921 3304 exaestuat
934 3256 1040 3317 aestus,

285 3336 364 3394 unde
379 3347 467 3411 queat
482 3346 594 3394 tantum
610 3338 731 3395 suboriri
746 3356 780 3394 ac
795 3336 992 3411 subpeditare.

285 3427 384 3484 omnia
398 3426 488 3486 debet
502 3428 579 3485 enim
596 3429 678 3486 cibus
693 3428 835 3502 integrare
850 3428 990 3485 novando

285 3527 315 3573 et
329 3518 427 3575 fulcire
442 3518 533 3589 cibus,
550 3518 631 3576 cibus
647 3518 746 3575 omnia
760 3527 928 3590 sustentare,
1127 3538 1190 3585 1140
