2792 4025
275 279 337 360 156
607 288 838 345 rueramus

270 454 313 511 vis
327 451 442 524 eadem,
456 468 544 527 supra
556 468 633 527 quae
646 460 737 508 terras
751 450 868 525 pertulit
881 450 993 510 orbem.
1127 458 1176 524 ⁶5⁵

310 543 458 618 Tempore
473 542 544 600 item
557 551 638 599 certo
652 558 767 599 roseam
783 541 898 599 Matuta
910 558 964 616 per
977 558 1042 600 oras

271 633 394 692 aetheris
408 650 541 690 auroram
555 630 651 690 differt
664 641 695 688 et
707 630 818 689 lumina
831 631 943 706 pandit,

272 733 322 781 aut
335 724 404 798 quia
417 724 461 780 sol
475 722 564 794 idem,
579 723 633 781 sub
647 731 737 780 terras
750 722 797 780 ille
811 731 968 795 revertens,

272 814 413 887 anticipat
427 814 542 870 caelum
555 812 643 870 radiis
656 811 819 869 accendere
834 822 990 887 temptans,

273 913 323 962 aut
336 903 406 978 quia
419 903 598 961 conveniunt
612 903 694 978 ignes
709 912 739 960 et
752 903 865 960 semina
878 904 969 960 multa
1129 910 1180 962 660

273 993 421 1051 confluere
435 992 546 1050 ardoris
561 1002 740 1051 consuerunt
754 1002 886 1067 tempore
901 1002 992 1065 certo,

273 1101 349 1159 quae
363 1084 473 1141 faciunt
486 1083 554 1141 solis
567 1100 645 1141 nova
658 1100 775 1157 semper
788 1083 897 1140 lumina
910 1083 1010 1158 gigni;

274 1172 355 1249 quod
370 1191 463 1248 genus
478 1173 575 1231 Idaeis
589 1173 667 1230 sama
681 1183 726 1229 est
741 1190 757 1229 e
772 1173 920 1231 montibus
934 1172 998 1232 altis

274 1264 419 1339 dispersos
434 1264 507 1338 ignis
520 1262 623 1321 orienti
637 1263 747 1319 lumine
761 1262 850 1333 cerni,

273 1353 343 1413 inde
357 1355 436 1412 coire
447 1354 566 1429 globum
580 1353 663 1428 quasi
673 1353 704 1410 iu
712 1370 803 1411 unum
813 1362 843 1411 et
851 1352 998 1413 conficere
1006 1354 1119 1415 orbem.
1129 1361 1177 1427 665

273 1463 331 1503 nec
345 1454 444 1502 tamen
458 1443 528 1501 illud
541 1444 572 1501 in
586 1444 630 1501 his
642 1443 730 1501 rebus
744 1443 873 1501 mirabile
888 1444 978 1503 debet

275 1552 348 1605 esse,
363 1534 444 1610 quod
458 1534 532 1592 haec
545 1533 619 1609 ignis
633 1543 693 1591 tam
708 1543 788 1591 certo
803 1544 935 1608 tempore
950 1545 1074 1611 possunt

275 1625 388 1683 semina
401 1625 548 1683 confluere
562 1634 593 1682 et
606 1624 675 1683 solis
688 1640 821 1699 reparare
837 1625 971 1685 nitorem.

275 1715 367 1773 multa
379 1714 512 1773 videmus
526 1716 614 1786 enim,
629 1724 709 1772 certo
725 1732 800 1790 quae
814 1724 947 1791 tempore
961 1717 1034 1775 fiunt

275 1805 411 1864 omnibus
425 1806 455 1862 in
468 1806 563 1863 rebus.
578 1805 734 1863 florescunt
749 1815 881 1880 tempore
895 1817 977 1865 certo
1131 1812 1181 1873 670

275 1896 393 1954 arbusta
407 1905 437 1952 et
450 1906 531 1953 certo
546 1894 695 1953 dimittunt
710 1905 843 1970 tempore
858 1897 971 1955 florem.

258 2003 334 2057 ‘nec
347 1985 442 2044 minus
457 1986 581 2044 incerto
596 1985 699 2044 dentes
714 1985 820 2045 cadere
835 1986 958 2064 imperat
972 1996 1053 2047 aetas

277 2085 409 2152 tempore
423 2086 453 2135 et
467 2076 607 2151 inpubem
622 2078 702 2135 molli
716 2078 877 2152 pubescere
890 2089 971 2136 veste

278 2176 308 2224 et
320 2168 426 2241 pariter
439 2167 558 2225 mollem
572 2167 655 2224 malis
669 2167 823 2225 demittere
837 2169 968 2227 barbam.

277 2258 397 2317 fulmina
410 2268 560 2333 postremo
573 2258 625 2315 nix
638 2257 744 2315 imbres
759 2259 858 2316 nubila
870 2259 951 2317 venti
1131 2265 1180 2329 ⁶⁷5

277 2367 339 2408 non
353 2348 438 2406 nimis
451 2348 569 2406 incertis
582 2348 655 2405 fiunt
668 2348 699 2405 in
714 2349 842 2423 partibus
856 2349 934 2407 anni.

277 2457 405 2514 namque
419 2438 469 2497 ubi
483 2439 525 2496 sic
539 2438 654 2496 fuerunt
668 2457 820 2497 causarum
835 2439 956 2497 exordia
969 2440 1063 2516 prima

278 2540 365 2604 atque
380 2529 420 2587 ita
432 2547 478 2587 res
492 2528 595 2587 mundi
609 2529 745 2587 cecidere
761 2531 800 2588 ab
814 2530 924 2605 origine
939 2531 1040 2604 prima,

277 2623 427 2693 conseque
442 2636 561 2694 quoque
575 2618 633 2677 iam
646 2621 773 2678 redeunt
787 2638 824 2678 ex
838 2619 940 2677 ordine
955 2631 1045 2678 certo.

318 2710 457 2769 Crescere
471 2709 600 2784 itemque
614 2709 677 2768 dies
691 2712 759 2768 licet
774 2721 804 2769 et
816 2711 966 2768 tabescere
980 2720 1092 2783 noctes,
1131 2716 1182 2767 680

278 2810 308 2860 et
323 2800 415 2857 minui
428 2799 517 2870 luces,
532 2817 601 2857 cum
615 2810 732 2858 sumant
746 2801 882 2876 augmina
896 2811 1009 2873 noctes,

278 2901 329 2949 aut
341 2890 410 2965 quia
423 2891 467 2948 sol
481 2888 561 2947 idem
574 2892 629 2949 sub
642 2900 731 2949 terras
745 2901 833 2966 atque
848 2909 972 2966 superne

278 2985 435 3060 imparibus
449 3003 567 3043 currens
580 2986 766 3044 amfractibus
780 2986 903 3044 aetheris
918 3004 983 3044 oras

277 3076 365 3151 partit
378 3084 408 3133 et
421 3075 452 3132 in
465 3076 554 3151 partis
568 3093 630 3134 non
643 3095 753 3152 aequas
768 3075 870 3135 dividit
884 3077 995 3147 orbem,

278 3175 309 3224 et
322 3163 404 3240 quod
417 3166 455 3224 ab
469 3166 605 3224 alterutra
619 3165 744 3225 detraxit
757 3177 847 3242 parte,
862 3168 979 3242 reponit
1132 3170 1180 3235 685

278 3257 341 3314 eius
355 3254 385 3312 in
400 3256 521 3315 adversa
535 3267 617 3316 tanto
632 3258 697 3333 plus
711 3267 793 3332 parte
807 3259 921 3329 relatae,
987 3249 991 3257 ¹

279 3345 375 3404 donec
389 3347 429 3405 ad
443 3347 472 3405 id
488 3349 602 3421 siguum
618 3348 690 3406 caeli
705 3349 845 3423 pervenit,
861 3348 910 3406 ubi
924 3346 994 3406 anni

278 3436 375 3496 nodus
389 3448 548 3496 nocturnas
562 3448 707 3513 exaequat
719 3439 832 3497 lucibus
846 3439 971 3497 umbras.

277 3546 358 3603 narn,
372 3528 473 3586 medio
487 3546 572 3587 eursu
587 3529 670 3587 flatus
684 3529 827 3603 aquilonis
841 3538 871 3586 et
884 3528 980 3600 austri,
