2792 4025
283 230 349 294 206
618 244 848 298 LUCRETIUS
1124 245 1192 316 [VI.

283 422 402 464 cernere
417 404 534 463 odorari
547 404 616 463 licet
629 414 660 463 et
672 405 779 463 sentire
794 422 906 464 sonare.
1140 427 1173 480 93
1176 424 1189 479 5

323 497 413 555 Nunc
426 497 522 554 omnis
535 506 665 571 repetam
681 514 770 571 quam
784 514 848 553 raro
863 513 986 571 corpore
1001 496 1058 554 sint
1071 515 1117 556 res

282 604 532 659 commemorare;
554 585 637 661 quod
651 587 680 644 iu
694 586 790 661 primo
805 604 924 661 quoque
939 587 1068 645 carmine
1083 587 1181 649 claret.

281 678 391 753 quippe
406 678 524 749 etenim,
539 694 717 751 quamquam
732 677 837 735 multas
851 677 909 735 hoc
923 678 1050 752 pertinet
1064 678 1103 735 ad
1117 697 1163 739 res

280 786 413 839 noscere,
428 786 495 826 cum
510 767 609 842 primis
623 767 700 824 hanc
715 766 753 824 ad
768 785 830 825 rem
844 768 976 842 protinus
992 769 1094 843 ipsam,

281 858 391 934 quade
406 858 546 917 disserere
560 856 725 932 adgredior,
740 858 854 915 firmare
868 870 1018 917 necessest
1119 917 1123 922 ,
1138 882 1190 933 940
1214 864 1218 871 '

280 950 321 1007 nil
335 966 399 1006 esse
414 948 444 1006 in
458 957 595 1022 promptu
609 948 664 1005 nisi
678 948 802 1005 mixtum
816 967 923 1023 corpus
937 950 1025 1007 inani.

280 1039 426 1115 principio
440 1039 473 1096 fit
486 1048 518 1096 ut
532 1039 562 1095 in
576 1037 723 1113 speluncis
737 1056 806 1096 saxa
820 1057 946 1113 superne

279 1129 387 1187 sudent
401 1146 503 1187 umore
518 1137 548 1186 et
561 1129 649 1203 guttis
663 1129 843 1188 manantibu'
860 1130 975 1189 stillent

279 1229 379 1278 manat
392 1220 463 1277 item
476 1220 561 1278 nobis
575 1238 592 1276 e
607 1229 671 1277 toto
685 1238 809 1295 corpore
823 1219 922 1293 sudor,

278 1312 383 1369 crescit
395 1312 486 1369 barba
499 1311 608 1386 pilique
622 1329 675 1385 per
688 1312 789 1369 omnia
804 1311 943 1383 membra,
963 1330 1017 1388 per
1031 1324 1117 1373 artus.
1138 1336 1170 1387 94
1173 1332 1187 1386 5

279 1402 389 1460 diditur
403 1402 433 1460 in
447 1420 536 1459 venas
550 1402 633 1459 cibus
647 1402 754 1473 omniS,
768 1412 856 1476 auget
869 1403 977 1477 alitque

278 1493 409 1567 corporis
423 1502 567 1550 extremas
582 1511 701 1567 quoque
715 1493 803 1567 partis
818 1494 1059 1568 unguiculosque.

277 1585 366 1658 frigus
380 1584 451 1640 item
466 1584 585 1641 transire
600 1600 653 1658 per
665 1601 716 1641 aes
730 1582 917 1657 calidumque
932 1602 1072 1659 vaporem

278 1675 428 1745 sentimus,
443 1674 583 1731 sentimus
597 1674 666 1731 item
681 1674 802 1731 transire
816 1692 870 1749 per
883 1692 985 1733 aurum

278 1775 366 1840 atque
381 1782 433 1839 per
447 1775 607 1839 argentum,
621 1782 691 1821 cum
706 1765 812 1839 pocula
826 1764 913 1840 plena
927 1776 1071 1825 tenemus.
1137 1786 1187 1839 950

276 1854 405 1930 denique
419 1872 473 1930 per
486 1854 633 1929 dissaepta
646 1853 804 1913 domorum
818 1874 905 1913 saxea
919 1874 1007 1914 voces

276 1946 459 2022 pervolitant,
473 1954 625 2021 permanat
638 1944 715 2002 odor
728 1946 875 2022 frigusque
889 1964 1039 2023 vaposque

275 2037 360 2113 ignis,
375 2037 426 2112 qui
439 2036 505 2094 ferri
519 2054 638 2111 quoque
652 2037 712 2094 vim
726 2048 878 2111 penetrare
893 2039 986 2096 suiivit

276 2128 404 2202 denique
419 2145 478 2202 qua
491 2128 600 2185 circum
616 2127 691 2186 Galli
707 2128 796 2186 lorica
810 2139 937 2187 coercet

276 2229 316 2291 et,
330 2227 504 2293 tempestate
520 2218 639 2275 interra
652 2219 794 2292 caeloque
808 2229 920 2290 coorta,
1133 2239 1183 2293 955

276 2308 412 2367 morbida
425 2309 525 2382 visque
540 2308 625 2366 simul
639 2327 708 2365 cum
722 2309 902 2367 extrinsecus
917 2308 1085 2384 insinuatur,

275 2400 306 2458 in
321 2400 434 2457 caelum
450 2409 597 2473 terrasque
611 2409 742 2457 remotae
757 2400 819 2457 iura
832 2399 987 2472 facessunt,

277 2488 522 2565 quandoquidem
535 2490 576 2547 nil
590 2499 635 2547 est
648 2490 704 2547 nisi
718 2508 782 2548 raro
797 2491 922 2565 corpori'
936 2509 1022 2548 nexu.

320 2582 391 2639 Huc
405 2580 522 2638 accedit
536 2580 579 2638 uti
593 2598 654 2638 non
668 2581 776 2651 omnia,
791 2599 867 2655 quae
882 2581 1026 2639 iaciuntur

275 2689 401 2746 corpora
414 2689 542 2745 cumque
556 2671 595 2728 ab
608 2670 704 2743 rebus,
719 2670 827 2728 eodem
842 2671 973 2746 praedita
987 2689 1073 2732 sensu
1135 2681 1189 2746 960

275 2772 365 2837 atque
379 2761 488 2819 eodem
503 2771 591 2836 pacto
606 2761 691 2819 rebus
707 2762 764 2819 sint
777 2763 913 2820 omnibus
927 2771 1004 2838 apta

276 2853 422 2929 principio
437 2861 542 2911 terram
556 2852 600 2910 sol
614 2852 754 2926 excoquit
768 2861 798 2909 et
813 2852 882 2910 iacit
895 2870 955 2925 are,

275 2953 305 3001 at
319 2943 443 3018 glaciem
457 2942 587 3001 dissolvit
601 2952 631 2999 et
645 2943 708 2999 altis
723 2943 872 3000 montibus
887 2942 958 3000 altas

274 3044 478 3107 extructasque
493 3033 574 3090 nives
588 3032 676 3090 radiis
691 3033 840 3090 tabescere
855 3033 944 3108 cogit.

274 3124 404 3199 denique
418 3142 487 3181 cera
500 3123 612 3198 liquefit
625 3123 656 3180 in
671 3123 733 3180 eius
747 3132 833 3197 posta
846 3140 965 3198 vapore.
1135 3134 1186 3198 965

273 3215 349 3289 ignis
364 3215 434 3272 item
447 3213 590 3287 liquidum
605 3214 674 3271 facit
688 3231 738 3271 aes
752 3231 913 3288 aurumque
927 3212 1052 3288 resolvit,

273 3314 304 3363 at
318 3304 398 3363 coria
411 3313 441 3361 et
455 3321 573 3360 carnem
588 3304 676 3362 trahit
689 3313 720 3360 et
733 3303 875 3361 conducit
889 3304 919 3361 in
934 3322 1035 3364 unum.

275 3412 360 3452 umor
373 3411 468 3468 aquae
483 3411 570 3469 porro
585 3394 692 3451 serrum
707 3394 851 3451 condurat
865 3395 903 3452 ab
918 3395 987 3471 igni,

275 3493 307 3542 at
319 3485 399 3543 coria
413 3493 443 3542 et
456 3501 575 3541 carnem
589 3484 681 3541 mollit
695 3483 798 3541 durata
812 3485 919 3544 calore.
