2792 4025
239 278 306 351 lV.]
481 281 536 333 DE
562 281 708 336 RERUM
735 281 907 336 NATURA
1085 282 1141 348 125

237 459 320 500 urere
335 459 372 499 ne
387 441 479 517 possit
492 441 572 499 calor
584 442 709 518 amplius
723 442 820 501 aridus
834 454 921 503 artus.

237 532 279 591 sic
293 533 378 608 igitur
392 534 442 591 tibi
458 533 563 591 anhela
577 534 637 592 sitis
652 534 691 591 de
706 552 829 609 corpore
844 544 944 593 nostro
1095 542 1144 607 875

237 622 370 695 abluitur,
385 624 427 681 sic
443 624 575 699 expletur
588 624 685 682 ieiuna
700 624 832 701 cupido]

278 714 367 771 Nune
380 714 431 788 qui
444 714 495 772 fiat
508 714 550 772 uti
564 732 666 789 passus
679 715 808 789 proferre
823 734 974 790 queamus,

236 822 306 861 cum
319 803 461 875 volumus,
475 805 611 879 varieque
625 803 727 863 datum
741 806 777 864 sit
791 808 923 865 membra
936 823 1064 878 movere,

238 903 268 952 et
281 912 357 969 quae
371 913 417 952 res
431 904 543 953 tantum
558 896 615 953 hoc
629 896 726 953 oneris
740 896 911 971 protrudere
926 897 1016 954 nostri

238 985 368 1060 corporis
382 986 510 1055 insuerit,
525 984 641 1043 dicam:
663 996 695 1043 tu
709 987 828 1061 percipe
843 985 930 1045 dicta.
1093 994 1144 1045 880

238 1074 307 1150 dico
321 1076 419 1133 animo
433 1085 532 1133 nostro
545 1076 672 1151 primum
686 1076 839 1133 simulacra
852 1076 971 1134 meandi

237 1164 373 1223 accidere
387 1174 475 1240 atque
488 1166 619 1223 animum
632 1166 756 1241 pulsare,
770 1176 803 1224 ut
817 1165 942 1225 diximus
956 1177 1033 1225 ante.

238 1255 307 1314 inde
321 1256 454 1314 voluntas
467 1256 518 1330 tit3
538 1274 637 1331 neque
651 1257 729 1314 enim
745 1256 840 1314 sacere
854 1256 956 1332 incipit
969 1258 1058 1315 ullam

238 1366 300 1405 rem
314 1348 478 1423 quisquam,
493 1364 582 1422 quam
595 1365 679 1404 mens
693 1346 820 1422 providit
833 1346 905 1421 quid
918 1348 987 1405 velit
1000 1359 1078 1407 ante.

238 1438 270 1497 id
284 1437 365 1514 quod
379 1438 523 1514 providet,
538 1438 611 1496 illius
624 1438 666 1495 rei
681 1446 796 1496 constat
809 1438 915 1513 imago.
1098 1446 1145 1510 885

239 1547 309 1605 ergo
323 1529 436 1587 animus
450 1548 520 1586 cum
533 1546 597 1587 sese
612 1528 652 1586 ita
665 1537 835 1586 commovet
848 1538 880 1586 ut
893 1528 962 1586 velit
976 1529 1017 1586 ire

239 1620 328 1696 inque
342 1619 434 1695 gredi,
449 1619 513 1677 serit
527 1619 675 1695 extemplo
689 1637 765 1695 quae
780 1618 811 1677 in
825 1636 948 1694 corpore
964 1628 1027 1678 toto

239 1727 292 1785 per
304 1711 441 1768 membra·
448 1719 537 1786 atque
551 1720 629 1768 artus
642 1710 748 1767 animai
763 1709 863 1767 dissita
875 1709 917 1767 vis
932 1719 985 1768 est.

239 1810 270 1859 et
283 1801 393 1859 facilest
407 1801 494 1872 factu,
509 1801 648 1875 quoniam
663 1801 820 1859 coniuncta
834 1809 957 1859 tenetur.

239 1890 308 1949 inde
323 1909 359 1949 ea
372 1908 513 1966 proporro
527 1908 634 1966 corpus
647 1891 721 1962 serit,
737 1901 825 1965 atque
840 1891 881 1948 ita
893 1900 956 1949 tota
1096 1896 1146 1963 890

239 1981 378 2057 paulatim
392 1981 484 2040 moles
498 1980 675 2056 protruditur
689 1990 777 2056 atque
792 1991 934 2040 movetur.

240 2082 390 2147 praeterea
403 2082 464 2129 tum
478 2072 595 2129 rarescit
608 2089 727 2146 quoque
742 2060 847 2146 corpus
862 2081 892 2129 et
905 2075 963 2143 aer,

240 2162 352 2219 scilicet
365 2171 397 2219 ut
411 2161 501 2220 debet
515 2161 566 2236 qui
579 2179 695 2237 semper
710 2162 824 2220 mobilis
839 2171 926 2234 extat,

240 2269 294 2328 per
306 2252 452 2328 patefacta
464 2253 544 2310 venit
557 2261 749 2327 penetratque
763 2252 905 2309 foramina
918 2251 1012 2328 largus

240 2352 271 2401 et
284 2343 456 2418 dispargitur
469 2341 508 2400 ad
522 2343 610 2418 partis
624 2343 664 2400 ita
677 2360 808 2417 quasque
822 2342 947 2400 minutas
1097 2349 1144 2415 895

240 2433 379 2509 corporis.
395 2434 442 2491 hic
457 2434 542 2510 igitur
554 2434 640 2491 rebus
655 2433 688 2490 fit
702 2433 847 2506 utrimque
861 2431 984 2508 duabus,

240 2525 370 2600 corporis
384 2533 416 2582 ut
429 2542 464 2581 ac
479 2524 559 2582 navis
572 2524 642 2582 velis
656 2533 802 2597 ventoque
817 2523 931 2581 feratur.

239 2635 296 2675 nec
310 2627 409 2676 tamen
422 2616 492 2675 illud
507 2617 537 2674 in
551 2616 596 2674 his
609 2616 696 2674 rebus
711 2616 839 2674 mirabile
853 2624 976 2686 constat,

239 2708 350 2765 tantula
366 2707 448 2782 quod
461 2717 573 2766 tantum
589 2725 695 2782 eorpus
711 2706 882 2780 corpuscula
895 2713 1016 2779 possunt

240 2808 434 2874 contorquere
448 2807 478 2856 et
491 2816 566 2856 onus
579 2807 674 2855 totum
688 2796 857 2855 convertere
871 2805 1010 2853 nostrum.
1092 2815 1142 2868 900

239 2889 349 2964 quippe
363 2889 472 2947 etenim
485 2899 590 2947 ventus
603 2888 700 2963 suptili
714 2904 836 2961 corpore
849 2885 943 2943 tenvis

238 2979 329 3037 trudit
342 2997 431 3054 agens
445 2997 581 3054 magnam
595 2997 704 3053 magno
717 2976 866 3036 molimine
880 2993 987 3033 navem

239 3079 269 3127 et
283 3089 386 3128 manus
400 3088 460 3128 una
472 3070 544 3144 regit
558 3069 711 3144 quantovis
726 3068 835 3143 impete
850 3075 970 3125 euntem

238 3170 327 3235 atque
340 3160 549 3234 gubernaclum
563 3168 737 3233 contorquet
750 3157 881 3233 quolibet
894 3174 995 3228 unum,

238 3250 387 3326 multaque
400 3267 454 3325 per
466 3251 591 3309 trocleas
603 3259 634 3307 et
646 3258 785 3325 tympana
798 3247 931 3323 pondere
945 3249 1054 3322 magno
1091 3269 1138 3321 905

237 3349 406 3398 commovet
418 3348 506 3414 atque
520 3339 576 3398 levi
589 3339 711 3398 sustollit
724 3336 860 3395 machina
872 3342 948 3397 nisu.

278 3429 308 3487 N
310 3447 369 3488 unc
382 3429 487 3505 quibus
500 3429 547 3488 ille
560 3429 657 3487 modis
670 3446 790 3486 somnus
804 3446 857 3503 per
867 3429 998 3488 membra
1014 3431 1144 3508 quietem

237 3518 341 3594 inriget
354 3532 442 3596 atque
456 3520 545 3578 animi
557 3538 641 3583 curas
651 3538 673 3587 ‚e
686 3529 806 3595 pectore
821 3518 922 3591 solvat,
