<?xml version="1.0" encoding="UTF-8"?>
<!DOCTYPE html PUBLIC "-//W3C//DTD XHTML 1.0 Transitional//EN"
    "http://www.w3.org/TR/xhtml1/DTD/xhtml1-transitional.dtd">
<html xmlns="http://www.w3.org/1999/xhtml" xml:lang="en" lang="en">
 <head>
  <title>
</title>
<meta http-equiv="Content-Type" content="text/html;charset=utf-8" />
  <meta name='ocr-system' content='tesseract 3.04.00' />
  <meta name='ocr-capabilities' content='ocr_page ocr_carea ocr_par ocr_line ocrx_word'/>
</head>
<body>
  <div class='ocr_page' id='page_1' title='image "./tlucreticarider01kelsgoog_0181.png"; bbox 0 0 2792 4025; ppageno 0'>
   <div class='ocr_carea' id='block_1_1' title="bbox 241 281 1141 352">
    <p class='ocr_par' dir='ltr' id='par_1_1' title="bbox 241 281 1141 352">
     <span class='ocr_line' id='line_1_1' title="bbox 241 281 1141 352; baseline -0.002 -17"><span class='ocrx_word' id='word_1_1' title='bbox 241 281 307 352; x_wconf 91' lang='lat' dir='ltr'><strong>1v.]</strong></span> <span class='ocrx_word' id='word_1_2' title='bbox 482 281 537 334; x_wconf 80' lang='lat' dir='ltr'><strong>ps</strong></span> <span class='ocrx_word' id='word_1_3' title='bbox 564 281 713 336; x_wconf 82' lang='lat' dir='ltr'><strong>RERUM</strong></span> <span class='ocrx_word' id='word_1_4' title='bbox 740 282 912 337; x_wconf 78' lang='lat' dir='ltr'><strong>NATURA</strong></span> <span class='ocrx_word' id='word_1_5' title='bbox 1082 286 1141 351; x_wconf 88' lang='lat'><strong>117</strong></span> 
     </span>
    </p>
   </div>
   <div class='ocr_carea' id='block_1_2' title="bbox 235 443 1145 3591">
    <p class='ocr_par' dir='ltr' id='par_1_2' title="bbox 236 443 1145 609">
     <span class='ocr_line' id='line_1_2' title="bbox 238 443 1145 520; baseline 0.002 -18"><span class='ocrx_word' id='word_1_6' title='bbox 238 453 336 502; x_wconf 89' lang='lat' dir='ltr'><strong>cetera</strong></span> <span class='ocrx_word' id='word_1_7' title='bbox 349 443 387 502; x_wconf 92' lang='lat' dir='ltr'><strong>de</strong></span> <span class='ocrx_word' id='word_1_8' title='bbox 396 461 503 520; x_wconf 86' lang='lat' dir='ltr'>genere</span> <span class='ocrx_word' id='word_1_9' title='bbox 515 443 573 502; x_wconf 91' lang='lat' dir='ltr'><strong>hoc</strong></span> <span class='ocrx_word' id='word_1_10' title='bbox 582 452 714 501; x_wconf 89' lang='lat' dir='ltr'><strong>monstra</strong></span> <span class='ocrx_word' id='word_1_11' title='bbox 724 461 759 501; x_wconf 92' lang='lat' dir='ltr'><strong>ac</strong></span> <span class='ocrx_word' id='word_1_12' title='bbox 769 453 906 519; x_wconf 90' lang='lat' dir='ltr'><strong>portenta</strong></span> <span class='ocrx_word' id='word_1_13' title='bbox 915 444 1081 519; x_wconf 89' lang='lat' dir='ltr'><strong>loquontur‚</strong></span> <span class='ocrx_word' id='word_1_14' title='bbox 1097 465 1145 518; x_wconf 84' lang='lat'><strong>590</strong></span> 
     </span>
     <span class='ocr_line' id='line_1_3' title="bbox 236 533 1001 609; baseline 0 -16"><span class='ocrx_word' id='word_1_15' title='bbox 236 553 279 593; x_wconf 81' lang='lat' dir='ltr'><strong>ne.</strong></span> <span class='ocrx_word' id='word_1_16' title='bbox 290 536 355 594; x_wconf 87' lang='lat' dir='ltr'><strong>loca</strong></span> <span class='ocrx_word' id='word_1_17' title='bbox 370 533 485 592; x_wconf 90' lang='lat' dir='ltr'><strong>deserta</strong></span> <span class='ocrx_word' id='word_1_18' title='bbox 499 535 537 592; x_wconf 91' lang='lat' dir='ltr'><strong>ab</strong></span> <span class='ocrx_word' id='word_1_19' title='bbox 552 533 625 592; x_wconf 92' lang='lat' dir='ltr'><strong>divis</strong></span> <span class='ocrx_word' id='word_1_20' title='bbox 640 552 760 608; x_wconf 89' lang='lat' dir='ltr'><strong>quoque</strong></span> <span class='ocrx_word' id='word_1_21' title='bbox 774 535 847 592; x_wconf 87' lang='lat' dir='ltr'><strong>forte</strong></span> <span class='ocrx_word' id='word_1_22' title='bbox 862 545 1001 609; x_wconf 90' lang='lat' dir='ltr'><strong>putentur</strong></span> 
     </span>
    </p>

    <p class='ocr_par' dir='ltr' id='par_1_3' title="bbox 237 624 880 683">
     <span class='ocr_line' id='line_1_4' title="bbox 237 624 880 683; baseline 0.002 -1"><span class='ocrx_word' id='word_1_23' title='bbox 237 625 299 682; x_wconf 90' lang='lat' dir='ltr'><strong>sola</strong></span> <span class='ocrx_word' id='word_1_24' title='bbox 312 636 420 683; x_wconf 90' lang='lat' dir='ltr'><strong>tenere.</strong></span> <span class='ocrx_word' id='word_1_25' title='bbox 436 624 505 683; x_wconf 92' lang='lat' dir='ltr'><strong>ideo</strong></span> <span class='ocrx_word' id='word_1_26' title='bbox 519 625 627 682; x_wconf 86' lang='lat' dir='ltr'><strong>iactant</strong></span> <span class='ocrx_word' id='word_1_27' title='bbox 642 625 781 682; x_wconf 91' lang='lat' dir='ltr'><strong>miracula</strong></span> <span class='ocrx_word' id='word_1_28' title='bbox 794 624 880 683; x_wconf 90' lang='lat' dir='ltr'><strong>dictis</strong></span> 
     </span>
    </p>

    <p class='ocr_par' dir='ltr' id='par_1_4' title="bbox 236 714 912 789">
     <span class='ocr_line' id='line_1_5' title="bbox 236 714 912 789; baseline 0.001 -17"><span class='ocrx_word' id='word_1_29' title='bbox 236 725 286 772; x_wconf 92' lang='lat' dir='ltr'><strong>aut</strong></span> <span class='ocrx_word' id='word_1_30' title='bbox 300 715 396 789; x_wconf 91' lang='lat' dir='ltr'><strong>aliqua</strong></span> <span class='ocrx_word' id='word_1_31' title='bbox 409 716 520 772; x_wconf 87' lang='lat' dir='ltr'><strong>ratione</strong></span> <span class='ocrx_word' id='word_1_32' title='bbox 536 715 591 772; x_wconf 84' lang='lat' dir='ltr'><strong>alia</strong></span> <span class='ocrx_word' id='word_1_33' title='bbox 605 714 761 787; x_wconf 89' lang='lat' dir='ltr'><strong>ducuntur,</strong></span> <span class='ocrx_word' id='word_1_34' title='bbox 776 725 808 772; x_wconf 94' lang='lat' dir='ltr'><strong>ut</strong></span> <span class='ocrx_word' id='word_1_35' title='bbox 822 732 912 773; x_wconf 87' lang='lat' dir='ltr'><strong>omne</strong></span> 
     </span>
    </p>

    <p class='ocr_par' dir='ltr' id='par_1_5' title="bbox 237 805 1011 880">
     <span class='ocr_line' id='line_1_6' title="bbox 237 805 1011 880; baseline 0.001 -18"><span class='ocrx_word' id='word_1_36' title='bbox 237 805 398 862; x_wconf 87' lang='lat' dir='ltr'><strong>humanum</strong></span> <span class='ocrx_word' id='word_1_37' title='bbox 412 823 504 880; x_wconf 85' lang='lat' dir='ltr'><strong>genus</strong></span> <span class='ocrx_word' id='word_1_38' title='bbox 518 815 563 862; x_wconf 92' lang='lat' dir='ltr'><strong>est</strong></span> <span class='ocrx_word' id='word_1_39' title='bbox 576 805 694 872; x_wconf 90' lang='lat' dir='ltr'><strong>avidum</strong></span> <span class='ocrx_word' id='word_1_40' title='bbox 709 805 795 862; x_wconf 90' lang='lat' dir='ltr'><strong>nimis</strong></span> <span class='ocrx_word' id='word_1_41' title='bbox 809 806 1011 864; x_wconf 84' lang='lat' dir='ltr'><strong>auricularum.</strong></span> 
     </span>
    </p>

    <p class='ocr_par' dir='ltr' id='par_1_6' title="bbox 235 894 1144 2688">
     <span class='ocr_line' id='line_1_7' title="bbox 277 894 1142 971; baseline 0.001 -18"><span class='ocrx_word' id='word_1_42' title='bbox 277 895 367 970; x_wconf 87' lang='lat' dir='ltr'><strong>Quod</strong></span> <span class='ocrx_word' id='word_1_43' title='bbox 382 904 524 971; x_wconf 84' lang='lat' dir='ltr'>superest,</span> <span class='ocrx_word' id='word_1_44' title='bbox 539 913 599 953; x_wconf 92' lang='lat' dir='ltr'><strong>non</strong></span> <span class='ocrx_word' id='word_1_45' title='bbox 614 906 658 953; x_wconf 91' lang='lat' dir='ltr'><strong>est</strong></span> <span class='ocrx_word' id='word_1_46' title='bbox 672 894 838 952; x_wconf 88' lang='lat' dir='ltr'><strong>mirandum</strong></span> <span class='ocrx_word' id='word_1_47' title='bbox 851 914 911 970; x_wconf 91' lang='lat' dir='ltr'><strong>qua</strong></span> <span class='ocrx_word' id='word_1_48' title='bbox 923 897 1046 968; x_wconf 90' lang='lat' dir='ltr'><strong>ratione,</strong></span> <span class='ocrx_word' id='word_1_49' title='bbox 1096 915 1142 969; x_wconf 83' lang='grc'><strong>595</strong></span> 
     </span>
     <span class='ocr_line' id='line_1_8' title="bbox 236 987 1047 1061; baseline 0.001 -18"><span class='ocrx_word' id='word_1_50' title='bbox 236 1004 289 1061; x_wconf 91' lang='lat' dir='ltr'><strong>per</strong></span> <span class='ocrx_word' id='word_1_51' title='bbox 303 987 368 1044; x_wconf 89' lang='lat' dir='ltr'><strong>loca</strong></span> <span class='ocrx_word' id='word_1_52' title='bbox 382 1003 457 1060; x_wconf 91' lang='lat' dir='ltr'><strong>quae</strong></span> <span class='ocrx_word' id='word_1_53' title='bbox 472 996 624 1060; x_wconf 89' lang='lat' dir='ltr'><strong>nequeunt</strong></span> <span class='ocrx_word' id='word_1_54' title='bbox 638 987 716 1043; x_wconf 91' lang='lat' dir='ltr'><strong>oculi</strong></span> <span class='ocrx_word' id='word_1_55' title='bbox 729 1004 775 1043; x_wconf 91' lang='lat' dir='ltr'><strong>res</strong></span> <span class='ocrx_word' id='word_1_56' title='bbox 789 1003 908 1042; x_wconf 88' lang='lat' dir='ltr'><strong>cernere</strong></span> <span class='ocrx_word' id='word_1_57' title='bbox 923 996 1047 1060; x_wconf 86' lang='lat' dir='ltr'><strong>apertas,</strong></span> 
     </span>
     <span class='ocr_line' id='line_1_9' title="bbox 238 1076 1010 1150; baseline 0 -16"><span class='ocrx_word' id='word_1_58' title='bbox 238 1076 311 1134; x_wconf 89' lang='lat' dir='ltr'><strong>haec</strong></span> <span class='ocrx_word' id='word_1_59' title='bbox 326 1077 392 1134; x_wconf 88' lang='lat' dir='ltr'><strong>loca</strong></span> <span class='ocrx_word' id='word_1_60' title='bbox 406 1093 459 1150; x_wconf 89' lang='lat' dir='ltr'><strong>per</strong></span> <span class='ocrx_word' id='word_1_61' title='bbox 471 1094 561 1134; x_wconf 93' lang='lat' dir='ltr'><strong>voces</strong></span> <span class='ocrx_word' id='word_1_62' title='bbox 575 1077 693 1133; x_wconf 88' lang='lat' dir='ltr'><strong>veniant</strong></span> <span class='ocrx_word' id='word_1_63' title='bbox 707 1077 842 1150; x_wconf 85' lang='lat' dir='ltr'><strong>aurisque</strong></span> <span class='ocrx_word' id='word_1_64' title='bbox 856 1076 1010 1134; x_wconf 75' lang='lat' dir='ltr'><strong>lacessant</strong></span> 
     </span>
     <span class='ocr_line' id='line_1_10' title="bbox 236 1165 1064 1241; baseline 0.002 -18"><span class='ocrx_word' id='word_1_65' title='bbox 236 1166 428 1241; x_wconf 89' lang='lat' dir='ltr'><strong>conloquium</strong></span> <span class='ocrx_word' id='word_1_66' title='bbox 442 1166 546 1224; x_wconf 88' lang='lat' dir='ltr'><strong>clausis</strong></span> <span class='ocrx_word' id='word_1_67' title='bbox 561 1166 668 1224; x_wconf 85' lang='lat' dir='ltr'><strong>foribus</strong></span> <span class='ocrx_word' id='word_1_68' title='bbox 683 1183 802 1241; x_wconf 89' lang='lat' dir='ltr'><strong>quoque</strong></span> <span class='ocrx_word' id='word_1_69' title='bbox 817 1183 905 1241; x_wconf 83' lang='lat' dir='ltr'>saepe</span> <span class='ocrx_word' id='word_1_70' title='bbox 919 1165 1064 1238; x_wconf 91' lang='lat' dir='ltr'><strong>videmus,</strong></span> 
     </span>
     <span class='ocr_line' id='line_1_11' title="bbox 235 1255 951 1330; baseline 0 -16"><span class='ocrx_word' id='word_1_71' title='bbox 235 1256 372 1314; x_wconf 91' lang='lat' dir='ltr'><strong>nimirum</strong></span> <span class='ocrx_word' id='word_1_72' title='bbox 386 1256 455 1330; x_wconf 91' lang='lat' dir='ltr'><strong>quia</strong></span> <span class='ocrx_word' id='word_1_73' title='bbox 468 1275 526 1315; x_wconf 86' lang='lat' dir='ltr'><strong>vox</strong></span> <span class='ocrx_word' id='word_1_74' title='bbox 540 1274 593 1330; x_wconf 90' lang='lat' dir='ltr'><strong>per</strong></span> <span class='ocrx_word' id='word_1_75' title='bbox 607 1256 682 1314; x_wconf 84' lang='lat' dir='ltr'><strong>flexa</strong></span> <span class='ocrx_word' id='word_1_76' title='bbox 696 1255 841 1313; x_wconf 86' lang='lat' dir='ltr'><strong>foramina</strong></span> <span class='ocrx_word' id='word_1_77' title='bbox 854 1275 951 1314; x_wconf 89' lang='lat' dir='ltr'><strong>rerum</strong></span> 
     </span>
     <span class='ocr_line' id='line_1_12' title="bbox 236 1345 1144 1422; baseline -0.001 -18"><span class='ocrx_word' id='word_1_78' title='bbox 236 1345 389 1405; x_wconf 89' lang='lat' dir='ltr'><strong>incolumis</strong></span> <span class='ocrx_word' id='word_1_79' title='bbox 403 1346 523 1404; x_wconf 88' lang='lat' dir='ltr'><strong>transire</strong></span> <span class='ocrx_word' id='word_1_80' title='bbox 537 1356 643 1422; x_wconf 90' lang='lat' dir='ltr'><strong>potest,</strong></span> <span class='ocrx_word' id='word_1_81' title='bbox 659 1347 811 1404; x_wconf 89' lang='lat' dir='ltr'><strong>simulacra</strong></span> <span class='ocrx_word' id='word_1_82' title='bbox 824 1355 978 1419; x_wconf 84' lang='lat' dir='ltr'><strong>renutaut3</strong></span> <span class='ocrx_word' id='word_1_83' title='bbox 1096 1354 1144 1403; x_wconf 87' lang='lat'><strong>600</strong></span> 
     </span>
     <span class='ocr_line' id='line_1_13' title="bbox 236 1436 1026 1512; baseline -0.001 -18"><span class='ocrx_word' id='word_1_84' title='bbox 236 1436 463 1512; x_wconf 87' lang='lat' dir='ltr'><strong>perscinduntur</strong></span> <span class='ocrx_word' id='word_1_85' title='bbox 476 1437 566 1509; x_wconf 89' lang='lat' dir='ltr'><strong>enim,</strong></span> <span class='ocrx_word' id='word_1_86' title='bbox 581 1437 636 1494; x_wconf 93' lang='lat' dir='ltr'><strong>nisi</strong></span> <span class='ocrx_word' id='word_1_87' title='bbox 651 1447 732 1495; x_wconf 89' lang='lat' dir='ltr'><strong>recta</strong></span> <span class='ocrx_word' id='word_1_88' title='bbox 744 1437 888 1494; x_wconf 88' lang='lat' dir='ltr'><strong>foramina</strong></span> <span class='ocrx_word' id='word_1_89' title='bbox 901 1446 1026 1509; x_wconf 88' lang='lat' dir='ltr'><strong>tranant,</strong></span> 
     </span>
     <span class='ocr_line' id='line_1_14' title="bbox 236 1527 977 1603; baseline 0.001 -19"><span class='ocrx_word' id='word_1_90' title='bbox 236 1528 333 1602; x_wconf 90' lang='lat' dir='ltr'><strong>qualia</strong></span> <span class='ocrx_word' id='word_1_91' title='bbox 346 1537 413 1585; x_wconf 91' lang='lat' dir='ltr'><strong>sunt</strong></span> <span class='ocrx_word' id='word_1_92' title='bbox 427 1527 518 1599; x_wconf 89' lang='lat' dir='ltr'><strong>vitrei,</strong></span> <span class='ocrx_word' id='word_1_93' title='bbox 534 1528 647 1603; x_wconf 89' lang='lat' dir='ltr'><strong>species</strong></span> <span class='ocrx_word' id='word_1_94' title='bbox 662 1545 721 1602; x_wconf 93' lang='lat' dir='ltr'><strong>qua</strong></span> <span class='ocrx_word' id='word_1_95' title='bbox 734 1527 857 1585; x_wconf 88' lang='lat' dir='ltr'><strong>travolat</strong></span> <span class='ocrx_word' id='word_1_96' title='bbox 870 1528 977 1585; x_wconf 89' lang='lat' dir='ltr'><strong>omnis.</strong></span> 
     </span>
     <span class='ocr_line' id='line_1_15' title="bbox 236 1616 898 1694; baseline 0 -20"><span class='ocrx_word' id='word_1_97' title='bbox 236 1628 386 1694; x_wconf 89' lang='lat' dir='ltr'><strong>praeterea</strong></span> <span class='ocrx_word' id='word_1_98' title='bbox 399 1618 487 1693; x_wconf 86' lang='lat' dir='ltr'><strong>partis</strong></span> <span class='ocrx_word' id='word_1_99' title='bbox 501 1618 532 1675; x_wconf 90' lang='lat' dir='ltr'><strong>in</strong></span> <span class='ocrx_word' id='word_1_100' title='bbox 545 1627 666 1675; x_wconf 89' lang='lat' dir='ltr'><strong>cunctas</strong></span> <span class='ocrx_word' id='word_1_101' title='bbox 680 1616 818 1674; x_wconf 89' lang='lat' dir='ltr'><strong>dividitur</strong></span> <span class='ocrx_word' id='word_1_102' title='bbox 831 1635 898 1688; x_wconf 84' lang='lat' dir='ltr'><strong>vox,</strong></span> 
     </span>
     <span class='ocr_line' id='line_1_16' title="bbox 236 1708 906 1784; baseline -0.001 -19"><span class='ocrx_word' id='word_1_103' title='bbox 236 1727 274 1766; x_wconf 85' lang='lat' dir='ltr'><strong>ex</strong></span> <span class='ocrx_word' id='word_1_104' title='bbox 287 1708 348 1766; x_wconf 90' lang='lat' dir='ltr'><strong>aliis</strong></span> <span class='ocrx_word' id='word_1_105' title='bbox 362 1709 434 1766; x_wconf 89' lang='lat' dir='ltr'><strong>aliae</strong></span> <span class='ocrx_word' id='word_1_106' title='bbox 449 1709 588 1782; x_wconf 93' lang='lat' dir='ltr'><strong>quoniam</strong></span> <span class='ocrx_word' id='word_1_107' title='bbox 603 1708 768 1784; x_wconf 86' lang='lat' dir='ltr'><strong>gignuntur,</strong></span> <span class='ocrx_word' id='word_1_108' title='bbox 782 1708 833 1765; x_wconf 93' lang='lat' dir='ltr'><strong>ubi</strong></span> <span class='ocrx_word' id='word_1_109' title='bbox 847 1725 906 1764; x_wconf 89' lang='lat' dir='ltr'><strong>una</strong></span> 
     </span>
     <span class='ocr_line' id='line_1_17' title="bbox 236 1798 1141 1873; baseline -0.002 -17"><span class='ocrx_word' id='word_1_110' title='bbox 236 1798 369 1856; x_wconf 91' lang='lat' dir='ltr'><strong>dissuluit</strong></span> <span class='ocrx_word' id='word_1_111' title='bbox 382 1799 472 1856; x_wconf 88' lang='lat' dir='ltr'><strong>semel</strong></span> <span class='ocrx_word' id='word_1_112' title='bbox 486 1800 517 1856; x_wconf 90' lang='lat' dir='ltr'><strong>in</strong></span> <span class='ocrx_word' id='word_1_113' title='bbox 532 1799 634 1856; x_wconf 90' lang='lat' dir='ltr'><strong>multas</strong></span> <span class='ocrx_word' id='word_1_114' title='bbox 649 1808 759 1869; x_wconf 85' lang='lat' dir='ltr'><strong>exorta,</strong></span> <span class='ocrx_word' id='word_1_115' title='bbox 774 1799 859 1873; x_wconf 86' lang='lat' dir='ltr'><strong>quasi</strong></span> <span class='ocrx_word' id='word_1_116' title='bbox 872 1798 947 1872; x_wconf 88' lang='lat' dir='ltr'><strong>ignis</strong></span> <span class='ocrx_word' id='word_1_117' title='bbox 1095 1805 1141 1869; x_wconf 85' lang='lat'><strong>605</strong></span> 
     </span>
     <span class='ocr_line' id='line_1_18' title="bbox 236 1889 970 1964; baseline -0.001 -18"><span class='ocrx_word' id='word_1_118' title='bbox 236 1908 325 1964; x_wconf 89' lang='lat' dir='ltr'><strong>saepe</strong></span> <span class='ocrx_word' id='word_1_119' title='bbox 340 1890 415 1947; x_wconf 94' lang='lat' dir='ltr'><strong>solet</strong></span> <span class='ocrx_word' id='word_1_120' title='bbox 429 1890 551 1947; x_wconf 90' lang='lat' dir='ltr'><strong>scintilla</strong></span> <span class='ocrx_word' id='word_1_121' title='bbox 564 1908 631 1947; x_wconf 92' lang='lat' dir='ltr'><strong>suos</strong></span> <span class='ocrx_word' id='word_1_122' title='bbox 646 1907 678 1947; x_wconf 89' lang='lat' dir='ltr'><strong>se</strong></span> <span class='ocrx_word' id='word_1_123' title='bbox 692 1907 828 1964; x_wconf 85' lang='lat' dir='ltr'><strong>spargere</strong></span> <span class='ocrx_word' id='word_1_124' title='bbox 842 1890 872 1946; x_wconf 91' lang='lat' dir='ltr'><strong>in</strong></span> <span class='ocrx_word' id='word_1_125' title='bbox 886 1889 970 1964; x_wconf 85' lang='lat' dir='ltr'><strong>ignis.</strong></span> 
     </span>
     <span class='ocr_line' id='line_1_19' title="bbox 237 1979 894 2055; baseline 0 -18"><span class='ocrx_word' id='word_1_126' title='bbox 237 1998 306 2055; x_wconf 84' lang='lat' dir='ltr'><strong>ergo</strong></span> <span class='ocrx_word' id='word_1_127' title='bbox 321 1981 467 2055; x_wconf 88' lang='lat' dir='ltr'><strong>replentur</strong></span> <span class='ocrx_word' id='word_1_128' title='bbox 480 1980 546 2038; x_wconf 94' lang='lat' dir='ltr'><strong>loca</strong></span> <span class='ocrx_word' id='word_1_129' title='bbox 559 1980 690 2051; x_wconf 91' lang='lat' dir='ltr'><strong>vocibus,</strong></span> <span class='ocrx_word' id='word_1_130' title='bbox 705 1979 804 2038; x_wconf 90' lang='lat' dir='ltr'><strong>abdita</strong></span> <span class='ocrx_word' id='word_1_131' title='bbox 817 1989 894 2037; x_wconf 91' lang='lat' dir='ltr'><strong>retro</strong></span> 
     </span>
     <span class='ocr_line' id='line_1_20' title="bbox 237 2070 983 2145; baseline 0.001 -18"><span class='ocrx_word' id='word_1_132' title='bbox 237 2072 336 2128; x_wconf 90' lang='lat' dir='ltr'><strong>omnia</strong></span> <span class='ocrx_word' id='word_1_133' title='bbox 350 2088 425 2145; x_wconf 90' lang='lat' dir='ltr'><strong>quae</strong></span> <span class='ocrx_word' id='word_1_134' title='bbox 439 2071 548 2127; x_wconf 91' lang='lat' dir='ltr'><strong>circum</strong></span> <span class='ocrx_word' id='word_1_135' title='bbox 563 2071 677 2128; x_wconf 89' lang='lat' dir='ltr'><strong>fervunt</strong></span> <span class='ocrx_word' id='word_1_136' title='bbox 691 2071 847 2144; x_wconf 89' lang='lat' dir='ltr'><strong>sonituque</strong></span> <span class='ocrx_word' id='word_1_137' title='bbox 861 2070 983 2129; x_wconf 90' lang='lat' dir='ltr'><strong>cientur.</strong></span> 
     </span>
     <span class='ocr_line' id='line_1_21' title="bbox 237 2159 891 2218; baseline 0 -1"><span class='ocrx_word' id='word_1_138' title='bbox 237 2170 267 2217; x_wconf 88' lang='lat' dir='ltr'><strong>at</strong></span> <span class='ocrx_word' id='word_1_139' title='bbox 280 2161 432 2218; x_wconf 89' lang='lat' dir='ltr'><strong>simulacra</strong></span> <span class='ocrx_word' id='word_1_140' title='bbox 444 2161 497 2218; x_wconf 91' lang='lat' dir='ltr'><strong>viis</strong></span> <span class='ocrx_word' id='word_1_141' title='bbox 512 2159 636 2217; x_wconf 88' lang='lat' dir='ltr'><strong>derectis</strong></span> <span class='ocrx_word' id='word_1_142' title='bbox 650 2161 752 2218; x_wconf 88' lang='lat' dir='ltr'><strong>omnia</strong></span> <span class='ocrx_word' id='word_1_143' title='bbox 765 2160 891 2217; x_wconf 89' lang='lat' dir='ltr'><strong>tendunt</strong></span> 
     </span>
     <span class='ocr_line' id='line_1_22' title="bbox 237 2245 1141 2325; baseline 0 -18"><span class='ocrx_word' id='word_1_144' title='bbox 237 2260 269 2307; x_wconf 92' lang='lat' dir='ltr'><strong>ut</strong></span> <span class='ocrx_word' id='word_1_145' title='bbox 284 2260 351 2308; x_wconf 91' lang='lat' dir='ltr'><strong>sunt</strong></span> <span class='ocrx_word' id='word_1_146' title='bbox 366 2245 577 2322; x_wconf 79' lang='lat' dir='ltr'><strong>missaseme13</strong></span> <span class='ocrx_word' id='word_1_147' title='bbox 595 2260 775 2325; x_wconf 82' lang='lat' dir='ltr'><strong>quapropter</strong></span> <span class='ocrx_word' id='word_1_148' title='bbox 789 2268 909 2308; x_wconf 88' lang='lat' dir='ltr'><strong>cernere</strong></span> <span class='ocrx_word' id='word_1_149' title='bbox 923 2269 1013 2309; x_wconf 89' lang='lat' dir='ltr'><strong>nemo</strong></span> <span class='ocrx_word' id='word_1_150' title='bbox 1092 2259 1141 2307; x_wconf 89' lang='lat'><strong>610</strong></span> 
     </span>
     <span class='ocr_line' id='line_1_23' title="bbox 237 2340 1003 2417; baseline 0 -18"><span class='ocrx_word' id='word_1_151' title='bbox 237 2359 357 2417; x_wconf 90' lang='lat' dir='ltr'><strong>saepem</strong></span> <span class='ocrx_word' id='word_1_152' title='bbox 372 2342 445 2399; x_wconf 90' lang='lat' dir='ltr'><strong>ultra</strong></span> <span class='ocrx_word' id='word_1_153' title='bbox 459 2341 536 2416; x_wconf 87' lang='lat' dir='ltr'><strong>potis</strong></span> <span class='ocrx_word' id='word_1_154' title='bbox 552 2350 604 2412; x_wconf 88' lang='lat' dir='ltr'><strong>est,</strong></span> <span class='ocrx_word' id='word_1_155' title='bbox 619 2350 649 2398; x_wconf 87' lang='lat' dir='ltr'><strong>at</strong></span> <span class='ocrx_word' id='word_1_156' title='bbox 662 2358 752 2398; x_wconf 91' lang='lat' dir='ltr'><strong>voces</strong></span> <span class='ocrx_word' id='word_1_157' title='bbox 765 2340 900 2415; x_wconf 91' lang='lat' dir='ltr'><strong>accipere</strong></span> <span class='ocrx_word' id='word_1_158' title='bbox 915 2351 1003 2399; x_wconf 85' lang='lat' dir='ltr'><strong>extra</strong></span> 
     </span>
     <span class='ocr_line' id='line_1_24' title="bbox 236 2430 1139 2506; baseline 0.002 -17"><span class='ocrx_word' id='word_1_159' title='bbox 236 2442 266 2490; x_wconf 91' lang='lat' dir='ltr'><strong>et</strong></span> <span class='ocrx_word' id='word_1_160' title='bbox 275 2442 374 2489; x_wconf 89' lang='lat' dir='ltr'><strong>tamen</strong></span> <span class='ocrx_word' id='word_1_161' title='bbox 382 2432 445 2506; x_wconf 91' lang='lat' dir='ltr'><strong>ipsa</strong></span> <span class='ocrx_word' id='word_1_162' title='bbox 454 2450 573 2506; x_wconf 89' lang='lat' dir='ltr'><strong>quoque</strong></span> <span class='ocrx_word' id='word_1_163' title='bbox 583 2432 666 2501; x_wconf 90' lang='lat' dir='ltr'><strong>haec,</strong></span> <span class='ocrx_word' id='word_1_164' title='bbox 678 2430 749 2488; x_wconf 94' lang='lat' dir='ltr'><strong>dum</strong></span> <span class='ocrx_word' id='word_1_165' title='bbox 762 2431 861 2487; x_wconf 89' lang='lat' dir='ltr'><strong>transit</strong></span> <span class='ocrx_word' id='word_1_166' title='bbox 870 2430 967 2487; x_wconf 90' lang='lat' dir='ltr'><strong>clausa</strong></span> <span class='ocrx_word' id='word_1_167' title='bbox 976 2430 1139 2505; x_wconf 90' lang='lat' dir='ltr'><strong>domorum,</strong></span> 
     </span>
     <span class='ocr_line' id='line_1_25' title="bbox 235 2521 957 2598; baseline -0.004 -18"><span class='ocrx_word' id='word_1_168' title='bbox 235 2541 294 2580; x_wconf 86' lang='lat' dir='ltr'><strong>vox</strong></span> <span class='ocrx_word' id='word_1_169' title='bbox 307 2521 479 2598; x_wconf 89' lang='lat' dir='ltr'><strong>optunditur</strong></span> <span class='ocrx_word' id='word_1_170' title='bbox 493 2532 581 2597; x_wconf 88' lang='lat' dir='ltr'><strong>atque</strong></span> <span class='ocrx_word' id='word_1_171' title='bbox 596 2522 672 2579; x_wconf 87' lang='lat' dir='ltr'><strong>auris</strong></span> <span class='ocrx_word' id='word_1_172' title='bbox 686 2522 809 2578; x_wconf 88' lang='lat' dir='ltr'><strong>confusa</strong></span> <span class='ocrx_word' id='word_1_173' title='bbox 822 2530 957 2595; x_wconf 87' lang='lat' dir='ltr'><strong>penetrat</strong></span> 
     </span>
     <span class='ocr_line' id='line_1_26' title="bbox 236 2610 996 2688; baseline -0.003 -17"><span class='ocrx_word' id='word_1_174' title='bbox 236 2622 266 2672; x_wconf 92' lang='lat' dir='ltr'><strong>et</strong></span> <span class='ocrx_word' id='word_1_175' title='bbox 279 2614 407 2671; x_wconf 90' lang='lat' dir='ltr'><strong>sonitum</strong></span> <span class='ocrx_word' id='word_1_176' title='bbox 420 2614 517 2688; x_wconf 90' lang='lat' dir='ltr'><strong>potius</strong></span> <span class='ocrx_word' id='word_1_177' title='bbox 532 2630 621 2687; x_wconf 89' lang='lat' dir='ltr'><strong>quam</strong></span> <span class='ocrx_word' id='word_1_178' title='bbox 634 2613 723 2670; x_wconf 88' lang='lat' dir='ltr'><strong>verba</strong></span> <span class='ocrx_word' id='word_1_179' title='bbox 736 2610 836 2669; x_wconf 90' lang='lat' dir='ltr'><strong>audire</strong></span> <span class='ocrx_word' id='word_1_180' title='bbox 850 2611 996 2670; x_wconf 91' lang='lat' dir='ltr'><strong>videmur.</strong></span> 
     </span>
    </p>

    <p class='ocr_par' dir='ltr' id='par_1_7' title="bbox 235 2702 1141 3591">
     <span class='ocr_line' id='line_1_27' title="bbox 277 2702 1141 2779; baseline -0.001 -18"><span class='ocrx_word' id='word_1_181' title='bbox 277 2704 351 2773; x_wconf 90' lang='lat' dir='ltr'><strong>Nec,</strong></span> <span class='ocrx_word' id='word_1_182' title='bbox 366 2704 417 2777; x_wconf 92' lang='lat' dir='ltr'><strong>qui</strong></span> <span class='ocrx_word' id='word_1_183' title='bbox 432 2704 572 2761; x_wconf 90' lang='lat' dir='ltr'><strong>sentimus</strong></span> <span class='ocrx_word' id='word_1_184' title='bbox 587 2721 700 2775; x_wconf 90' lang='lat' dir='ltr'><strong>sucum,</strong></span> <span class='ocrx_word' id='word_1_185' title='bbox 716 2702 814 2779; x_wconf 88' lang='lat' dir='ltr'><strong>lingua</strong></span> <span class='ocrx_word' id='word_1_186' title='bbox 827 2711 914 2777; x_wconf 87' lang='lat' dir='ltr'><strong>atque</strong></span> <span class='ocrx_word' id='word_1_187' title='bbox 929 2703 1058 2777; x_wconf 89' lang='lat' dir='ltr'><strong>palatum</strong></span> <span class='ocrx_word' id='word_1_188' title='bbox 1093 2711 1141 2777; x_wconf 82' lang='lat'><strong>⁶¹5</strong></span> 
     </span>
     <span class='ocr_line' id='line_1_28' title="bbox 235 2792 994 2869; baseline 0 -18"><span class='ocrx_word' id='word_1_189' title='bbox 235 2793 400 2869; x_wconf 89' lang='lat' dir='ltr'><strong>plusculum</strong></span> <span class='ocrx_word' id='word_1_190' title='bbox 415 2793 525 2852; x_wconf 88' lang='lat' dir='ltr'><strong>habent</strong></span> <span class='ocrx_word' id='word_1_191' title='bbox 538 2793 569 2851; x_wconf 89' lang='lat' dir='ltr'><strong>in</strong></span> <span class='ocrx_word' id='word_1_192' title='bbox 584 2810 615 2851; x_wconf 91' lang='lat' dir='ltr'><strong>se</strong></span> <span class='ocrx_word' id='word_1_193' title='bbox 629 2793 748 2851; x_wconf 89' lang='lat' dir='ltr'><strong>rationis</strong></span> <span class='ocrx_word' id='word_1_194' title='bbox 763 2792 827 2867; x_wconf 91' lang='lat' dir='ltr'><strong>plus</strong></span> <span class='ocrx_word' id='word_1_195' title='bbox 841 2810 994 2866; x_wconf 87' lang='lat' dir='ltr'><strong>operaeve.</strong></span> 
     </span>
     <span class='ocr_line' id='line_1_29' title="bbox 235 2882 1018 2959; baseline -0.004 -18"><span class='ocrx_word' id='word_1_196' title='bbox 235 2884 379 2959; x_wconf 91' lang='lat' dir='ltr'><strong>principio</strong></span> <span class='ocrx_word' id='word_1_197' title='bbox 394 2903 499 2942; x_wconf 91' lang='lat' dir='ltr'><strong>sucum</strong></span> <span class='ocrx_word' id='word_1_198' title='bbox 513 2884 654 2941; x_wconf 90' lang='lat' dir='ltr'><strong>sentimus</strong></span> <span class='ocrx_word' id='word_1_199' title='bbox 668 2883 697 2940; x_wconf 91' lang='lat' dir='ltr'><strong>in</strong></span> <span class='ocrx_word' id='word_1_200' title='bbox 713 2901 773 2954; x_wconf 90' lang='lat' dir='ltr'><strong>ore,</strong></span> <span class='ocrx_word' id='word_1_201' title='bbox 788 2882 886 2940; x_wconf 91' lang='lat' dir='ltr'><strong>cibum</strong></span> <span class='ocrx_word' id='word_1_202' title='bbox 901 2901 971 2939; x_wconf 92' lang='lat' dir='ltr'><strong>cum</strong></span> <span class='ocrx_word' id='word_1_203' title='bbox 1016 2895 1018 2898; x_wconf 89' lang='grc'><strong><em>·</em></strong></span> 
     </span>
     <span class='ocr_line' id='line_1_30' title="bbox 235 2973 1091 3049; baseline -0.001 -17"><span class='ocrx_word' id='word_1_204' title='bbox 235 2973 406 3032; x_wconf 90' lang='lat' dir='ltr'><strong>mandendo</strong></span> <span class='ocrx_word' id='word_1_205' title='bbox 420 2974 617 3049; x_wconf 88' lang='lat' dir='ltr'><strong>exprimimus,</strong></span> <span class='ocrx_word' id='word_1_206' title='bbox 632 2992 688 3031; x_wconf 89' lang='lat' dir='ltr'><strong>ceu</strong></span> <span class='ocrx_word' id='word_1_207' title='bbox 704 2974 822 3048; x_wconf 89' lang='lat' dir='ltr'><strong>plenam</strong></span> <span class='ocrx_word' id='word_1_208' title='bbox 836 2973 991 3049; x_wconf 85' lang='lat' dir='ltr'><strong>spongiam</strong></span> <span class='ocrx_word' id='word_1_209' title='bbox 1005 2973 1091 3049; x_wconf 90' lang='lat' dir='ltr'><strong>aquai</strong></span> 
     </span>
     <span class='ocr_line' id='line_1_31' title="bbox 236 3064 961 3140; baseline -0.001 -17"><span class='ocrx_word' id='word_1_210' title='bbox 236 3066 324 3140; x_wconf 90' lang='lat' dir='ltr'><strong>siquis</strong></span> <span class='ocrx_word' id='word_1_211' title='bbox 338 3066 412 3123; x_wconf 91' lang='lat' dir='ltr'><strong>forte</strong></span> <span class='ocrx_word' id='word_1_212' title='bbox 427 3084 515 3122; x_wconf 89' lang='lat' dir='ltr'><strong>manu</strong></span> <span class='ocrx_word' id='word_1_213' title='bbox 530 3082 661 3140; x_wconf 90' lang='lat' dir='ltr'><strong>premere</strong></span> <span class='ocrx_word' id='word_1_214' title='bbox 676 3082 711 3121; x_wconf 89' lang='lat' dir='ltr'><strong>ac</strong></span> <span class='ocrx_word' id='word_1_215' title='bbox 726 3064 836 3122; x_wconf 88' lang='lat' dir='ltr'><strong>siccare</strong></span> <span class='ocrx_word' id='word_1_216' title='bbox 851 3065 961 3139; x_wconf 72' lang='lat' dir='ltr'><strong>coepit.</strong></span> 
     </span>
     <span class='ocr_line' id='line_1_32' title="bbox 235 3153 1141 3230; baseline -0.004 -17"><span class='ocrx_word' id='word_1_217' title='bbox 235 3154 304 3213; x_wconf 90' lang='lat' dir='ltr'><strong>inde</strong></span> <span class='ocrx_word' id='word_1_218' title='bbox 319 3154 400 3230; x_wconf 93' lang='lat' dir='ltr'><strong>quod</strong></span> <span class='ocrx_word' id='word_1_219' title='bbox 415 3155 601 3230; x_wconf 87' lang='lat' dir='ltr'><strong>exprimimus</strong></span> <span class='ocrx_word' id='word_1_220' title='bbox 615 3172 669 3230; x_wconf 90' lang='lat' dir='ltr'><strong>per</strong></span> <span class='ocrx_word' id='word_1_221' title='bbox 681 3155 780 3212; x_wconf 90' lang='lat' dir='ltr'><strong>caulas</strong></span> <span class='ocrx_word' id='word_1_222' title='bbox 794 3172 884 3212; x_wconf 91' lang='lat' dir='ltr'><strong>omne</strong></span> <span class='ocrx_word' id='word_1_223' title='bbox 897 3153 986 3229; x_wconf 91' lang='lat' dir='ltr'><strong>palati</strong></span> <span class='ocrx_word' id='word_1_224' title='bbox 1091 3160 1141 3210; x_wconf 83' lang='lat'><strong>620</strong></span> 
     </span>
     <span class='ocr_line' id='line_1_33' title="bbox 235 3244 929 3320; baseline -0.001 -17"><span class='ocrx_word' id='word_1_225' title='bbox 235 3245 345 3303; x_wconf 88' lang='lat' dir='ltr'><strong>diditur</strong></span> <span class='ocrx_word' id='word_1_226' title='bbox 358 3255 388 3304; x_wconf 91' lang='lat' dir='ltr'><strong>et</strong></span> <span class='ocrx_word' id='word_1_227' title='bbox 401 3264 481 3303; x_wconf 90' lang='lat' dir='ltr'><strong>rarae</strong></span> <span class='ocrx_word' id='word_1_228' title='bbox 495 3245 634 3320; x_wconf 85' lang='lat' dir='ltr'><strong>perplexa</strong></span> <span class='ocrx_word' id='word_1_229' title='bbox 648 3244 790 3302; x_wconf 83' lang='lat' dir='ltr'><strong>foramina</strong></span> <span class='ocrx_word' id='word_1_230' title='bbox 804 3244 929 3319; x_wconf 85' lang='lat' dir='ltr'><strong>linguae.</strong></span> 
     </span>
     <span class='ocr_line' id='line_1_34' title="bbox 235 3334 908 3409; baseline -0.003 -16"><span class='ocrx_word' id='word_1_231' title='bbox 235 3334 293 3393; x_wconf 90' lang='lat' dir='ltr'><strong>hoc</strong></span> <span class='ocrx_word' id='word_1_232' title='bbox 307 3336 357 3393; x_wconf 91' lang='lat' dir='ltr'><strong>ubi</strong></span> <span class='ocrx_word' id='word_1_233' title='bbox 370 3335 445 3393; x_wconf 90' lang='lat' dir='ltr'><strong>levia</strong></span> <span class='ocrx_word' id='word_1_234' title='bbox 458 3344 524 3393; x_wconf 83' lang='lat' dir='ltr'><strong>sunt</strong></span> <span class='ocrx_word' id='word_1_235' title='bbox 538 3336 682 3393; x_wconf 89' lang='lat' dir='ltr'><strong>manantis</strong></span> <span class='ocrx_word' id='word_1_236' title='bbox 697 3352 822 3409; x_wconf 92' lang='lat' dir='ltr'><strong>corpora</strong></span> <span class='ocrx_word' id='word_1_237' title='bbox 836 3334 908 3404; x_wconf 92' lang='lat' dir='ltr'><strong>suci,</strong></span> 
     </span>
     <span class='ocr_line' id='line_1_35' title="bbox 235 3425 951 3500; baseline -0.003 -17"><span class='ocrx_word' id='word_1_238' title='bbox 235 3426 359 3483; x_wconf 91' lang='lat' dir='ltr'><strong>suaviter</strong></span> <span class='ocrx_word' id='word_1_239' title='bbox 372 3426 517 3500; x_wconf 86' lang='lat' dir='ltr'><strong>attingunt</strong></span> <span class='ocrx_word' id='word_1_240' title='bbox 531 3435 560 3482; x_wconf 89' lang='lat' dir='ltr'><strong>et</strong></span> <span class='ocrx_word' id='word_1_241' title='bbox 574 3425 700 3483; x_wconf 89' lang='lat' dir='ltr'><strong>suaviter</strong></span> <span class='ocrx_word' id='word_1_242' title='bbox 713 3425 812 3482; x_wconf 90' lang='lat' dir='ltr'><strong>omnia</strong></span> <span class='ocrx_word' id='word_1_243' title='bbox 825 3432 951 3482; x_wconf 87' lang='lat' dir='ltr'><strong>tractant</strong></span> 
     </span>
     <span class='ocr_line' id='line_1_36' title="bbox 235 3513 859 3591; baseline -0.003 -17"><span class='ocrx_word' id='word_1_244' title='bbox 235 3515 336 3574; x_wconf 88' lang='lat' dir='ltr'><strong>umida</strong></span> <span class='ocrx_word' id='word_1_245' title='bbox 349 3516 456 3591; x_wconf 86' lang='lat' dir='ltr'><strong>linguai</strong></span> <span class='ocrx_word' id='word_1_246' title='bbox 469 3515 580 3573; x_wconf 89' lang='lat' dir='ltr'><strong>circum</strong></span> <span class='ocrx_word' id='word_1_247' title='bbox 594 3514 729 3573; x_wconf 88' lang='lat' dir='ltr'><strong>sudantia</strong></span> <span class='ocrx_word' id='word_1_248' title='bbox 741 3513 859 3589; x_wconf 87' lang='lat' dir='ltr'><strong>templa</strong></span> 
     </span>
    </p>
   </div>
   <div class='ocr_carea' id='block_1_3' title="bbox 0 0 1400 4025">
    <p class='ocr_par' dir='ltr' id='par_1_8' title="bbox 0 0 1400 4025">
     <span class='ocr_line' id='line_1_37' title="bbox 0 0 1400 4025; baseline 0 0"><span class='ocrx_word' id='word_1_249' title='bbox 0 0 1400 4025; x_wconf 95' lang='lat' dir='ltr'><strong> </strong></span> 
     </span>
    </p>
   </div>
  </div>
 </body>
</html>
