2792 4025
281 268 340 345 138
608 277 840 333 Lucnerrus
1131 276 1180 347 [v.

276 440 347 515 quid
362 441 528 498 Nemeaeus
543 439 622 497 enim
636 440 722 498 nobis
736 458 815 497 nunc
830 457 952 515 magnus
966 438 1061 498 hiatus

275 532 321 588 ille
336 530 427 589 leonis
441 531 559 588 obesset
573 540 602 588 et
617 530 737 588 horrens
752 529 894 588 Arcadius
908 530 977 587 sus?
1150 546 1179 601 25

274 620 403 696 denique
418 620 490 695 quid
506 621 610 679 Cretae
625 631 723 679 taurus
739 621 929 696 Lernaeaque
944 620 1033 696 pestis

274 711 366 786 hydra
379 711 528 769 venenatis
543 721 642 786 posset
656 712 759 768 vallata
774 710 922 769 colubris?

274 801 381 877 quidve
397 803 553 877 tripectora
567 802 718 877 tergemini
734 802 776 860 vis
792 801 939 877 Geryonai

273 992 355 1039 tanto
370 1000 460 1057 opere
474 982 624 1039 officerent
638 982 723 1039 nobis
738 980 905 1057 Stymphala
918 981 1059 1051 colenteS,

273 1083 303 1130 et
318 1072 471 1131 Diomedis
486 1074 554 1146 equi
568 1072 711 1146 spirantes
726 1073 841 1130 naribus
856 1073 953 1147 ignem
1147 1092 1179 1143 30

272 1164 393 1221 Thracis
408 1164 610 1237 Bistoniasque
625 1162 724 1237 plagas
739 1172 827 1237 atque
843 1163 953 1220 Ismara
967 1163 1107 1237 propter?

272 1272 417 1327 aureaque
434 1252 634 1328 Hesperidum
649 1270 766 1310 servans
781 1252 920 1328 fulgentia
933 1252 1018 1322 mala,

242 1386 245 1390 J
273 1362 366 1418 asper,
380 1344 487 1401 acerba
500 1353 594 1413 tuens,
609 1343 730 1400 immani
746 1361 868 1417 corpore
883 1360 1002 1417 serpens

272 1435 381 1492 arboris
395 1434 545 1509 amplexus
560 1434 679 1508 stirpem
694 1432 767 1508 quid
783 1432 911 1507 denique
926 1433 1043 1490 obesset

271 1535 392 1599 propter
405 1525 572 1582 Atlanteum
587 1524 653 1582 litus
668 1523 830 1599 pelageque
846 1540 952 1581 sonora
1147 1541 1177 1595 35

272 1632 332 1687 quo
347 1632 443 1688 neque
457 1625 556 1673 noster
569 1613 631 1671 adit
645 1615 799 1689 quisquam
814 1631 870 1670 nec
885 1613 1021 1672 barbarus
1036 1612 1145 1671 audet?
1183 1686 1185 1693 Ι

272 1715 369 1761 cetera
382 1703 420 1761 de
434 1722 541 1778 genere
557 1704 614 1761 hoc
628 1722 705 1778 quae
720 1713 788 1761 sunt
802 1713 937 1778 portenta
949 1715 1111 1779 perempta,

271 1795 314 1852 sei
329 1812 390 1852 non
403 1795 480 1852 victa
494 1796 597 1865 forent,
612 1794 683 1869 quid
698 1793 819 1851 tandem
833 1794 898 1851 viva
912 1796 1074 1852 nocerent?

270 1884 320 1955 nil,
335 1897 367 1943 ut
381 1886 503 1959 opinor:
526 1885 566 1941 ita
579 1884 618 1943 ad
632 1885 765 1942 satiatem
781 1894 857 1942 terra
870 1884 995 1941 serarum

270 1993 349 2033 nunc
364 1977 452 2034 etiam
466 1976 550 2034 scatit
564 1984 594 2033 et
607 1974 722 2051 uepido
736 1985 844 2034 terrore
858 1974 969 2050 repleta
983 1985 1027 2034 est
1146 1996 1178 2044 40

270 2084 324 2141 per
337 2085 459 2124 nemora
474 2085 509 2124 ac
524 2076 639 2125 montes
653 2085 775 2142 magnos
791 2066 934 2141 silvasque
949 2065 1127 2141 profundas3

270 2175 346 2231 quae
361 2158 426 2215 loca
439 2156 549 2215 vitandi
563 2157 734 2232 plerumque
749 2166 793 2214 est
807 2167 906 2214 nostra
919 2166 1056 2231 potestas.

270 2258 300 2306 at
313 2248 367 2306 uisi
381 2258 562 2324 purgatumst
575 2259 687 2322 pectus,
703 2265 778 2321 quae
793 2247 902 2321 proelia
915 2247 1000 2304 nobis

269 2350 358 2413 atque
372 2339 501 2414 pericula
515 2347 604 2396 tumst
619 2338 735 2412 ingratis
751 2337 956 2394 insinuandum
970 2340 976 2394 l

271 2438 396 2504 quantae
411 2438 473 2486 tum
489 2427 627 2486 scindunt
641 2428 791 2485 hominem
806 2427 981 2503 cuppedinis
995 2445 1077 2485 acres
1144 2445 1176 2500 45

270 2519 425 2576 sollicitum
439 2536 526 2576 curae
541 2518 701 2592 quantique
715 2516 837 2592 perinde
853 2518 971 2575 timores
985 2520 991 2575 l

270 2608 378 2684 quidve
393 2610 528 2684 superbia
542 2609 680 2683 spurcitia
693 2627 728 2665 ac
744 2609 925 2683 petulantia?
946 2619 1069 2683 quantas

270 2700 401 2758 efficiunt
414 2699 533 2757 clades!
555 2698 626 2773 quid
641 2699 724 2757 luxus
740 2698 951 2773 desidiaeque?

271 2790 344 2848 haec
359 2790 444 2865 igitur
455 2790 506 2864 qui
521 2799 628 2846 cuncta
642 2789 789 2864 subegerit
803 2807 840 2847 ex
854 2789 1012 2864 animoque

270 2881 412 2954 expulerit
426 2879 520 2949 dictis,
535 2896 596 2937 non
610 2879 705 2950 armis,
721 2897 820 2938 nonne
836 2879 955 2938 decebit
1146 2898 1178 2950 50

270 2971 349 3028 hunc
363 2971 513 3028 hominem
528 2987 650 3027 numero
668 2969 768 3027 divom
783 2969 927 3045 dignarier
942 2970 1029 3026 esse?

269 3081 339 3118 cum
352 3062 429 3120 bene
443 3061 612 3135 praesertim
626 3060 717 3118 multa
731 3079 766 3118 ac
781 3059 919 3119 divinitus
933 3059 1002 3134 ipsis

269 3152 474 3210 immortalibu'
487 3150 527 3209 de
542 3151 616 3209 divis
630 3151 700 3209 dare
715 3150 794 3209 dicta
808 3150 897 3210 suiirit

269 3252 357 3317 atque
372 3260 491 3300 omnem
506 3261 601 3300 rerum
616 3252 750 3299 naturam
764 3239 894 3316 pandere
909 3238 1004 3298 dictis.

310 3333 402 3392 Cuius
415 3351 471 3409 ego
486 3334 630 3408 ingressus
643 3333 764 3408 vestigia
777 3331 849 3389 dum
863 3331 989 3388 rationes
1144 3349 1157 3402 5
1161 3349 1174 3402 5

269 3442 429 3499 persequor
442 3442 476 3481 ae
491 3422 588 3481 doceo
603 3422 698 3494 dictis,
714 3440 774 3497 quo
789 3439 924 3497 quaeque
938 3431 1037 3478 creata
1182 3411 1187 3419 ’

270 3513 389 3573 loedere
403 3515 469 3584 sint,
483 3514 514 3571 in
528 3532 565 3573 eo
578 3531 668 3588 quam
682 3513 719 3571 sit
733 3512 835 3570 durare
849 3530 1005 3571 necessum
