<?xml version="1.0" encoding="UTF-8"?>
<!DOCTYPE html PUBLIC "-//W3C//DTD XHTML 1.0 Transitional//EN"
    "http://www.w3.org/TR/xhtml1/DTD/xhtml1-transitional.dtd">
<html xmlns="http://www.w3.org/1999/xhtml" xml:lang="en" lang="en">
 <head>
  <title>
</title>
<meta http-equiv="Content-Type" content="text/html;charset=utf-8" />
  <meta name='ocr-system' content='tesseract 3.04.00' />
  <meta name='ocr-capabilities' content='ocr_page ocr_carea ocr_par ocr_line ocrx_word'/>
</head>
<body>
  <div class='ocr_page' id='page_1' title='image "./tlucreticarider01kelsgoog_0232.png"; bbox 0 0 2792 4025; ppageno 0'>
   <div class='ocr_carea' id='block_1_1' title="bbox 271 248 1168 337">
    <p class='ocr_par' dir='ltr' id='par_1_1' title="bbox 271 248 1168 337">
     <span class='ocr_line' id='line_1_1' title="bbox 271 248 1168 337; baseline 0.011 -26"><span class='ocrx_word' id='word_1_1' title='bbox 271 248 330 313; x_wconf 83' lang='lat'>168</span> <span class='ocrx_word' id='word_1_2' title='bbox 600 262 831 319; x_wconf 80' lang='lat' dir='ltr'>rucaarrus</span> <span class='ocrx_word' id='word_1_3' title='bbox 1120 264 1168 337; x_wconf 88' lang='lat' dir='ltr'>[v.</span> 
     </span>
    </p>
   </div>
   <div class='ocr_carea' id='block_1_2' title="bbox 263 423 1167 861">
    <p class='ocr_par' dir='ltr' id='par_1_2' title="bbox 264 423 1002 501">
     <span class='ocr_line' id='line_1_2' title="bbox 264 423 1002 501; baseline 0.007 -19"><span class='ocrx_word' id='word_1_4' title='bbox 264 423 340 483; x_wconf 89' lang='lat' dir='ltr'>inter</span> <span class='ocrx_word' id='word_1_5' title='bbox 352 442 444 501; x_wconf 88' lang='lat' dir='ltr'>equas</span> <span class='ocrx_word' id='word_1_6' title='bbox 457 424 506 485; x_wconf 92' lang='lat' dir='ltr'>ubi</span> <span class='ocrx_word' id='word_1_7' title='bbox 521 443 614 501; x_wconf 89' lang='lat' dir='ltr'>equus</span> <span class='ocrx_word' id='word_1_8' title='bbox 627 426 741 485; x_wconf 83' lang='lat' dir='ltr'>florenti</span> <span class='ocrx_word' id='word_1_9' title='bbox 754 435 849 484; x_wconf 88' lang='lat' dir='ltr'>aetate</span> <span class='ocrx_word' id='word_1_10' title='bbox 863 426 1002 487; x_wconf 89' lang='lat' dir='ltr'>iuvencus</span> 
     </span>
    </p>

    <p class='ocr_par' dir='ltr' id='par_1_3' title="bbox 263 516 1167 681">
     <span class='ocr_line' id='line_1_3' title="bbox 263 516 1167 592; baseline 0.003 -19"><span class='ocrx_word' id='word_1_11' title='bbox 263 516 408 592; x_wconf 81' lang='lat' dir='ltr'>pinnigeri</span> <span class='ocrx_word' id='word_1_12' title='bbox 422 517 512 574; x_wconf 91' lang='lat' dir='ltr'>saevit</span> <span class='ocrx_word' id='word_1_13' title='bbox 525 517 684 574; x_wconf 90' lang='lat' dir='ltr'>calcaribus</span> <span class='ocrx_word' id='word_1_14' title='bbox 698 516 772 574; x_wconf 90' lang='lat' dir='ltr'>ictus</span> <span class='ocrx_word' id='word_1_15' title='bbox 786 516 902 589; x_wconf 89' lang='lat' dir='ltr'>amoris,</span> <span class='ocrx_word' id='word_1_16' title='bbox 1106 537 1167 591; x_wconf 77' lang='lat'>¹075</span> 
     </span>
     <span class='ocr_line' id='line_1_4' title="bbox 264 605 997 681; baseline 0.004 -18"><span class='ocrx_word' id='word_1_17' title='bbox 264 615 294 663; x_wconf 89' lang='lat' dir='ltr'>et</span> <span class='ocrx_word' id='word_1_18' title='bbox 307 605 455 663; x_wconf 86' lang='lat' dir='ltr'>fremitum</span> <span class='ocrx_word' id='word_1_19' title='bbox 469 607 572 680; x_wconf 88' lang='lat' dir='ltr'>patulis</span> <span class='ocrx_word' id='word_1_20' title='bbox 586 607 637 665; x_wconf 90' lang='lat' dir='ltr'>ubi</span> <span class='ocrx_word' id='word_1_21' title='bbox 649 607 767 664; x_wconf 90' lang='lat' dir='ltr'>naribus</span> <span class='ocrx_word' id='word_1_22' title='bbox 782 606 842 664; x_wconf 91' lang='lat' dir='ltr'>edit</span> <span class='ocrx_word' id='word_1_23' title='bbox 856 606 895 665; x_wconf 93' lang='lat' dir='ltr'>ad</span> <span class='ocrx_word' id='word_1_24' title='bbox 909 625 997 681; x_wconf 86' lang='lat' dir='ltr'>arma,</span> 
     </span>
    </p>

    <p class='ocr_par' dir='ltr' id='par_1_4' title="bbox 264 696 931 757">
     <span class='ocr_line' id='line_1_5' title="bbox 264 696 931 757; baseline 0.003 -4"><span class='ocrx_word' id='word_1_25' title='bbox 264 705 376 753; x_wconf 91' lang='lat' dir='ltr'>etcum</span> <span class='ocrx_word' id='word_1_26' title='bbox 390 696 432 753; x_wconf 91' lang='lat' dir='ltr'>sic</span> <span class='ocrx_word' id='word_1_27' title='bbox 445 697 514 754; x_wconf 91' lang='lat' dir='ltr'>alias</span> <span class='ocrx_word' id='word_1_28' title='bbox 528 696 677 754; x_wconf 87' lang='lat' dir='ltr'>concussis</span> <span class='ocrx_word' id='word_1_29' title='bbox 691 697 800 757; x_wconf 87' lang='lat' dir='ltr'>artibus</span> <span class='ocrx_word' id='word_1_30' title='bbox 814 697 931 755; x_wconf 87' lang='lat' dir='ltr'>hinnit?</span> 
     </span>
    </p>

    <p class='ocr_par' dir='ltr' id='par_1_5' title="bbox 263 786 987 861">
     <span class='ocr_line' id='line_1_6' title="bbox 263 786 987 861; baseline 0.003 -18"><span class='ocrx_word' id='word_1_31' title='bbox 263 796 426 861; x_wconf 85' lang='lat' dir='ltr'>prostremo</span> <span class='ocrx_word' id='word_1_32' title='bbox 439 804 532 861; x_wconf 88' lang='lat' dir='ltr'>genus</span> <span class='ocrx_word' id='word_1_33' title='bbox 546 786 666 844; x_wconf 86' lang='lat' dir='ltr'>alituum</span> <span class='ocrx_word' id='word_1_34' title='bbox 679 786 833 861; x_wconf 89' lang='lat' dir='ltr'>variaeque</span> <span class='ocrx_word' id='word_1_35' title='bbox 847 788 987 860; x_wconf 77' lang='lat' dir='ltr'>volucreS,</span> 
     </span>
    </p>
   </div>
   <div class='ocr_carea' id='block_1_3' title="bbox 128 876 1168 1043">
    <p class='ocr_par' dir='ltr' id='par_1_6' title="bbox 128 876 1168 1043">
     <span class='ocr_line' id='line_1_7' title="bbox 157 876 981 952; baseline 0.005 -20"><span class='ocrx_word' id='word_1_36' title='bbox 157 880 196 914; x_wconf 57' lang='lat'>&#39;²</span> <span class='ocrx_word' id='word_1_37' title='bbox 225 907 236 934; x_wconf 58' lang='grc' dir='ltr'>ι.</span> <span class='ocrx_word' id='word_1_38' title='bbox 262 876 415 951; x_wconf 84' lang='lat' dir='ltr'>accipitres</span> <span class='ocrx_word' id='word_1_39' title='bbox 429 886 517 951; x_wconf 91' lang='lat' dir='ltr'>atque</span> <span class='ocrx_word' id='word_1_40' title='bbox 531 876 684 951; x_wconf 83' lang='lat' dir='ltr'>ossifragae</span> <span class='ocrx_word' id='word_1_41' title='bbox 700 877 849 952; x_wconf 87' lang='lat' dir='ltr'>mergique</span> <span class='ocrx_word' id='word_1_42' title='bbox 864 878 981 937; x_wconf 89' lang='lat' dir='ltr'>marinis</span> 
     </span>
     <span class='ocr_line' id='line_1_8' title="bbox 128 945 1168 1043; baseline 0.006 -21"><span class='ocrx_word' id='word_1_43' title='bbox 128 966 132 973; x_wconf 87' lang='lat'>&#39;</span> <span class='ocrx_word' id='word_1_44' title='bbox 192 945 396 1025; x_wconf 65' lang='lat' dir='ltr'>&#39;&#39;&#39;‘fluctibus</span> <span class='ocrx_word' id='word_1_45' title='bbox 410 967 441 1024; x_wconf 93' lang='lat' dir='ltr'>in</span> <span class='ocrx_word' id='word_1_46' title='bbox 454 966 530 1024; x_wconf 89' lang='lat' dir='ltr'>salso</span> <span class='ocrx_word' id='word_1_47' title='bbox 543 967 652 1023; x_wconf 91' lang='lat' dir='ltr'>victum</span> <span class='ocrx_word' id='word_1_48' title='bbox 666 966 814 1041; x_wconf 85' lang='lat' dir='ltr'>vitamque</span> <span class='ocrx_word' id='word_1_49' title='bbox 828 976 971 1043; x_wconf 88' lang='lat' dir='ltr'>petentes,</span> <span class='ocrx_word' id='word_1_50' title='bbox 1105 978 1168 1028; x_wconf 89' lang='lat'>1080</span> 
     </span>
    </p>
   </div>
   <div class='ocr_carea' id='block_1_4' title="bbox 183 1039 1164 3576">
    <p class='ocr_par' dir='ltr' id='par_1_7' title="bbox 183 1039 927 1133">
     <span class='ocr_line' id='line_1_9' title="bbox 183 1039 927 1133; baseline 0.004 -20"><span class='ocrx_word' id='word_1_51' title='bbox 183 1039 189 1059; x_wconf 55' lang='lat'><strong>⁹</strong></span> <span class='ocrx_word' id='word_1_52' title='bbox 261 1055 349 1132; x_wconf 90' lang='lat' dir='ltr'>longe</span> <span class='ocrx_word' id='word_1_53' title='bbox 363 1057 432 1116; x_wconf 87' lang='lat' dir='ltr'>alias</span> <span class='ocrx_word' id='word_1_54' title='bbox 446 1057 502 1114; x_wconf 90' lang='lat' dir='ltr'>alio</span> <span class='ocrx_word' id='word_1_55' title='bbox 516 1056 624 1114; x_wconf 85' lang='lat' dir='ltr'>iaciunt</span> <span class='ocrx_word' id='word_1_56' title='bbox 638 1056 667 1114; x_wconf 91' lang='lat' dir='ltr'>in</span> <span class='ocrx_word' id='word_1_57' title='bbox 682 1066 815 1133; x_wconf 91' lang='lat' dir='ltr'>tempore</span> <span class='ocrx_word' id='word_1_58' title='bbox 829 1075 927 1129; x_wconf 90' lang='lat' dir='ltr'>voces,</span> 
     </span>
    </p>

    <p class='ocr_par' dir='ltr' id='par_1_8' title="bbox 261 1145 1051 1225">
     <span class='ocr_line' id='line_1_10' title="bbox 261 1145 1051 1225; baseline 0.005 -21"><span class='ocrx_word' id='word_1_59' title='bbox 261 1156 292 1204; x_wconf 90' lang='lat' dir='ltr'>et</span> <span class='ocrx_word' id='word_1_60' title='bbox 305 1164 396 1221; x_wconf 91' lang='lat' dir='ltr'>quom</span> <span class='ocrx_word' id='word_1_61' title='bbox 411 1146 448 1204; x_wconf 89' lang='lat' dir='ltr'>de</span> <span class='ocrx_word' id='word_1_62' title='bbox 462 1147 540 1205; x_wconf 89' lang='lat' dir='ltr'>victu</span> <span class='ocrx_word' id='word_1_63' title='bbox 554 1156 666 1204; x_wconf 89' lang='lat' dir='ltr'>certant</span> <span class='ocrx_word' id='word_1_64' title='bbox 680 1145 866 1222; x_wconf 87' lang='lat' dir='ltr'>praedaeque</span> <span class='ocrx_word' id='word_1_65' title='bbox 880 1158 1051 1225; x_wconf 86' lang='lat' dir='ltr'>repugnant.</span> 
     </span>
    </p>

    <p class='ocr_par' dir='ltr' id='par_1_9' title="bbox 261 1238 928 1312">
     <span class='ocr_line' id='line_1_11' title="bbox 261 1238 928 1312; baseline 0.003 -17"><span class='ocrx_word' id='word_1_66' title='bbox 261 1246 291 1295; x_wconf 91' lang='lat' dir='ltr'>et</span> <span class='ocrx_word' id='word_1_67' title='bbox 305 1238 410 1312; x_wconf 89' lang='lat' dir='ltr'>partim</span> <span class='ocrx_word' id='word_1_68' title='bbox 423 1247 538 1295; x_wconf 91' lang='lat' dir='ltr'>mutant</span> <span class='ocrx_word' id='word_1_69' title='bbox 551 1256 619 1295; x_wconf 91' lang='lat' dir='ltr'>cum</span> <span class='ocrx_word' id='word_1_70' title='bbox 634 1238 856 1312; x_wconf 84' lang='lat' dir='ltr'>tempestatibus</span> <span class='ocrx_word' id='word_1_71' title='bbox 869 1256 928 1297; x_wconf 88' lang='lat' dir='ltr'>una</span> 
     </span>
    </p>

    <p class='ocr_par' dir='ltr' id='par_1_10' title="bbox 260 1327 1000 1399">
     <span class='ocr_line' id='line_1_12' title="bbox 260 1327 1000 1399; baseline 0.003 -14"><span class='ocrx_word' id='word_1_72' title='bbox 260 1327 429 1386; x_wconf 87' lang='lat' dir='ltr'>raucisonos</span> <span class='ocrx_word' id='word_1_73' title='bbox 442 1336 554 1399; x_wconf 89' lang='lat' dir='ltr'>cantus,</span> <span class='ocrx_word' id='word_1_74' title='bbox 569 1327 719 1385; x_wconf 88' lang='lat' dir='ltr'>cornicum</span> <span class='ocrx_word' id='word_1_75' title='bbox 733 1336 766 1385; x_wconf 92' lang='lat' dir='ltr'>ut</span> <span class='ocrx_word' id='word_1_76' title='bbox 779 1328 875 1386; x_wconf 89' lang='lat' dir='ltr'>saecla</span> <span class='ocrx_word' id='word_1_77' title='bbox 888 1338 1000 1388; x_wconf 88' lang='lat' dir='ltr'>vetusta</span> 
     </span>
    </p>

    <p class='ocr_par' dir='ltr' id='par_1_11' title="bbox 260 1417 1164 1493">
     <span class='ocr_line' id='line_1_13' title="bbox 260 1417 1164 1493; baseline 0.004 -18"><span class='ocrx_word' id='word_1_78' title='bbox 260 1436 474 1493; x_wconf 89' lang='lat' dir='ltr'>corvorumque</span> <span class='ocrx_word' id='word_1_79' title='bbox 488 1435 589 1493; x_wconf 87' lang='lat' dir='ltr'>greges</span> <span class='ocrx_word' id='word_1_80' title='bbox 603 1417 653 1476; x_wconf 91' lang='lat' dir='ltr'>ubi</span> <span class='ocrx_word' id='word_1_81' title='bbox 667 1436 774 1492; x_wconf 90' lang='lat' dir='ltr'>aquam</span> <span class='ocrx_word' id='word_1_82' title='bbox 788 1417 924 1476; x_wconf 92' lang='lat' dir='ltr'>dicuntur</span> <span class='ocrx_word' id='word_1_83' title='bbox 938 1428 967 1477; x_wconf 92' lang='lat' dir='ltr'>et</span> <span class='ocrx_word' id='word_1_84' title='bbox 981 1420 1080 1480; x_wconf 89' lang='lat' dir='ltr'>imbris</span> <span class='ocrx_word' id='word_1_85' title='bbox 1103 1428 1164 1493; x_wconf 83' lang='lat'>1085</span> 
     </span>
    </p>

    <p class='ocr_par' dir='ltr' id='par_1_12' title="bbox 260 1508 990 1585">
     <span class='ocr_line' id='line_1_14' title="bbox 260 1508 990 1585; baseline 0.004 -18"><span class='ocrx_word' id='word_1_86' title='bbox 260 1526 383 1585; x_wconf 90' lang='lat' dir='ltr'>poscere</span> <span class='ocrx_word' id='word_1_87' title='bbox 397 1520 427 1567; x_wconf 91' lang='lat' dir='ltr'>et</span> <span class='ocrx_word' id='word_1_88' title='bbox 440 1508 588 1567; x_wconf 89' lang='lat' dir='ltr'>interdum</span> <span class='ocrx_word' id='word_1_89' title='bbox 601 1519 704 1567; x_wconf 89' lang='lat' dir='ltr'>ventos</span> <span class='ocrx_word' id='word_1_90' title='bbox 719 1527 861 1583; x_wconf 84' lang='lat' dir='ltr'>aurasque</span> <span class='ocrx_word' id='word_1_91' title='bbox 875 1527 990 1571; x_wconf 86' lang='lat' dir='ltr'>vocare.</span> 
     </span>
    </p>

    <p class='ocr_par' dir='ltr' id='par_1_13' title="bbox 260 1580 848 1675">
     <span class='ocr_line' id='line_1_15' title="bbox 260 1580 848 1675; baseline 0 -19"><span class='ocrx_word' id='word_1_92' title='bbox 260 1617 329 1674; x_wconf 88' lang='lat' dir='ltr'>ergo</span> <span class='ocrx_word' id='word_1_93' title='bbox 344 1600 368 1657; x_wconf 91' lang='lat' dir='ltr'>si</span> <span class='ocrx_word' id='word_1_94' title='bbox 381 1600 450 1658; x_wconf 89' lang='lat' dir='ltr'>varii</span> <span class='ocrx_word' id='word_1_95' title='bbox 463 1617 564 1657; x_wconf 87' lang='lat' dir='ltr'>sensus</span> <span class='ocrx_word' id='word_1_96' title='bbox 579 1580 714 1656; x_wconf 87' lang='lat' dir='ltr'>animalia</span> <span class='ocrx_word' id='word_1_97' title='bbox 728 1607 848 1675; x_wconf 90' lang='lat' dir='ltr'>cogunt,</span> 
     </span>
    </p>

    <p class='ocr_par' dir='ltr' id='par_1_14' title="bbox 260 1689 979 1764">
     <span class='ocr_line' id='line_1_16' title="bbox 260 1689 979 1764; baseline 0.004 -18"><span class='ocrx_word' id='word_1_98' title='bbox 260 1699 341 1747; x_wconf 90' lang='lat' dir='ltr'>muta</span> <span class='ocrx_word' id='word_1_99' title='bbox 354 1700 453 1748; x_wconf 91' lang='lat' dir='ltr'>tamen</span> <span class='ocrx_word' id='word_1_100' title='bbox 467 1708 535 1747; x_wconf 90' lang='lat' dir='ltr'>cum</span> <span class='ocrx_word' id='word_1_101' title='bbox 549 1689 614 1761; x_wconf 90' lang='lat' dir='ltr'>sint,</span> <span class='ocrx_word' id='word_1_102' title='bbox 629 1689 720 1748; x_wconf 91' lang='lat' dir='ltr'>varias</span> <span class='ocrx_word' id='word_1_103' title='bbox 735 1689 866 1749; x_wconf 89' lang='lat' dir='ltr'>emittere</span> <span class='ocrx_word' id='word_1_104' title='bbox 881 1708 979 1764; x_wconf 90' lang='lat' dir='ltr'>voces,</span> 
     </span>
    </p>

    <p class='ocr_par' dir='ltr' id='par_1_15' title="bbox 259 1780 984 1855">
     <span class='ocr_line' id='line_1_17' title="bbox 259 1780 984 1855; baseline 0.006 -19"><span class='ocrx_word' id='word_1_105' title='bbox 259 1790 370 1855; x_wconf 90' lang='lat' dir='ltr'>quanto</span> <span class='ocrx_word' id='word_1_106' title='bbox 385 1781 512 1838; x_wconf 90' lang='lat' dir='ltr'>mortalis</span> <span class='ocrx_word' id='word_1_107' title='bbox 526 1780 617 1855; x_wconf 88' lang='lat' dir='ltr'>magis</span> <span class='ocrx_word' id='word_1_108' title='bbox 632 1788 763 1837; x_wconf 89' lang='lat' dir='ltr'>aecumst</span> <span class='ocrx_word' id='word_1_109' title='bbox 777 1788 838 1837; x_wconf 92' lang='lat' dir='ltr'>tum</span> <span class='ocrx_word' id='word_1_110' title='bbox 852 1782 984 1855; x_wconf 89' lang='lat' dir='ltr'>potuisse</span> 
     </span>
    </p>

    <p class='ocr_par' dir='ltr' id='par_1_16' title="bbox 259 1869 1164 2041">
     <span class='ocr_line' id='line_1_18' title="bbox 259 1869 1164 1945; baseline 0 -17"><span class='ocrx_word' id='word_1_111' title='bbox 259 1869 404 1929; x_wconf 88' lang='lat' dir='ltr'>dissimilis</span> <span class='ocrx_word' id='word_1_112' title='bbox 418 1871 473 1928; x_wconf 89' lang='lat' dir='ltr'>alia</span> <span class='ocrx_word' id='word_1_113' title='bbox 487 1879 573 1945; x_wconf 90' lang='lat' dir='ltr'>atque</span> <span class='ocrx_word' id='word_1_114' title='bbox 588 1870 644 1928; x_wconf 92' lang='lat' dir='ltr'>alia</span> <span class='ocrx_word' id='word_1_115' title='bbox 657 1888 703 1928; x_wconf 93' lang='lat' dir='ltr'>res</span> <span class='ocrx_word' id='word_1_116' title='bbox 717 1887 790 1929; x_wconf 90' lang='lat' dir='ltr'>voce</span> <span class='ocrx_word' id='word_1_117' title='bbox 805 1880 906 1929; x_wconf 91' lang='lat' dir='ltr'>notare</span> <span class='ocrx_word' id='word_1_118' title='bbox 920 1874 927 1930; x_wconf 82' lang='lat' dir='ltr'>l</span> <span class='ocrx_word' id='word_1_119' title='bbox 1100 1891 1164 1943; x_wconf 87' lang='lat'><strong>1090</strong></span> 
     </span>
     <span class='ocr_line' id='line_1_19' title="bbox 301 1958 1003 2041; baseline 0.001 -21"><span class='ocrx_word' id='word_1_120' title='bbox 301 1958 391 2041; x_wconf 88' lang='lat' dir='ltr'>[Illud</span> <span class='ocrx_word' id='word_1_121' title='bbox 404 1962 435 2020; x_wconf 91' lang='lat' dir='ltr'>in</span> <span class='ocrx_word' id='word_1_122' title='bbox 448 1960 493 2019; x_wconf 93' lang='lat' dir='ltr'>his</span> <span class='ocrx_word' id='word_1_123' title='bbox 506 1961 592 2021; x_wconf 88' lang='lat' dir='ltr'>rebus</span> <span class='ocrx_word' id='word_1_124' title='bbox 606 1961 711 2020; x_wconf 90' lang='lat' dir='ltr'>tacitus</span> <span class='ocrx_word' id='word_1_125' title='bbox 725 1979 762 2019; x_wconf 93' lang='lat' dir='ltr'>ue</span> <span class='ocrx_word' id='word_1_126' title='bbox 777 1960 851 2021; x_wconf 89' lang='lat' dir='ltr'>forte</span> <span class='ocrx_word' id='word_1_127' title='bbox 865 1961 1003 2038; x_wconf 89' lang='lat' dir='ltr'>requiras,</span> 
     </span>
    </p>

    <p class='ocr_par' dir='ltr' id='par_1_17' title="bbox 258 2051 945 2128">
     <span class='ocr_line' id='line_1_20' title="bbox 258 2051 945 2128; baseline 0 -17"><span class='ocrx_word' id='word_1_128' title='bbox 258 2051 369 2111; x_wconf 85' lang='lat' dir='ltr'>fulmen</span> <span class='ocrx_word' id='word_1_129' title='bbox 383 2052 485 2111; x_wconf 89' lang='lat' dir='ltr'>detulit</span> <span class='ocrx_word' id='word_1_130' title='bbox 498 2052 530 2110; x_wconf 93' lang='lat' dir='ltr'>in</span> <span class='ocrx_word' id='word_1_131' title='bbox 543 2062 648 2110; x_wconf 91' lang='lat' dir='ltr'>terram</span> <span class='ocrx_word' id='word_1_132' title='bbox 663 2052 831 2110; x_wconf 89' lang='lat' dir='ltr'>mortalibus</span> <span class='ocrx_word' id='word_1_133' title='bbox 846 2053 945 2128; x_wconf 88' lang='lat' dir='ltr'>ignem</span> 
     </span>
    </p>

    <p class='ocr_par' dir='ltr' id='par_1_18' title="bbox 258 2141 1020 2219">
     <span class='ocr_line' id='line_1_21' title="bbox 258 2141 1020 2219; baseline 0.001 -19"><span class='ocrx_word' id='word_1_134' title='bbox 258 2144 399 2219; x_wconf 85' lang='lat' dir='ltr'>primitus,</span> <span class='ocrx_word' id='word_1_135' title='bbox 414 2143 482 2201; x_wconf 90' lang='lat' dir='ltr'>inde</span> <span class='ocrx_word' id='word_1_136' title='bbox 498 2144 592 2200; x_wconf 89' lang='lat' dir='ltr'>omnis</span> <span class='ocrx_word' id='word_1_137' title='bbox 607 2141 788 2201; x_wconf 88' lang='lat' dir='ltr'>flammarum</span> <span class='ocrx_word' id='word_1_138' title='bbox 803 2142 912 2201; x_wconf 91' lang='lat' dir='ltr'>diditur</span> <span class='ocrx_word' id='word_1_139' title='bbox 925 2142 1020 2202; x_wconf 90' lang='lat' dir='ltr'>ardor.</span> 
     </span>
    </p>

    <p class='ocr_par' dir='ltr' id='par_1_19' title="bbox 246 2233 1004 2310">
     <span class='ocr_line' id='line_1_22' title="bbox 246 2233 1004 2310; baseline 0.001 -19"><span class='ocrx_word' id='word_1_140' title='bbox 246 2233 349 2310; x_wconf 57' lang='lat' dir='ltr'>¹multa</span> <span class='ocrx_word' id='word_1_141' title='bbox 361 2234 494 2292; x_wconf 89' lang='lat' dir='ltr'>videmus</span> <span class='ocrx_word' id='word_1_142' title='bbox 508 2235 587 2292; x_wconf 89' lang='lat' dir='ltr'>enim</span> <span class='ocrx_word' id='word_1_143' title='bbox 601 2234 773 2291; x_wconf 90' lang='lat' dir='ltr'>caelestibus</span> <span class='ocrx_word' id='word_1_144' title='bbox 788 2234 867 2292; x_wconf 89' lang='lat' dir='ltr'>inlita</span> <span class='ocrx_word' id='word_1_145' title='bbox 881 2234 1004 2293; x_wconf 86' lang='lat' dir='ltr'>flammis</span> 
     </span>
    </p>

    <p class='ocr_par' dir='ltr' id='par_1_20' title="bbox 257 2323 1161 2401">
     <span class='ocr_line' id='line_1_23' title="bbox 257 2323 1161 2401; baseline -0.001 -19"><span class='ocrx_word' id='word_1_146' title='bbox 257 2325 374 2401; x_wconf 87' lang='lat' dir='ltr'>fulgere,</span> <span class='ocrx_word' id='word_1_147' title='bbox 389 2344 458 2383; x_wconf 90' lang='lat' dir='ltr'>cum</span> <span class='ocrx_word' id='word_1_148' title='bbox 472 2325 544 2382; x_wconf 91' lang='lat' dir='ltr'>caeli</span> <span class='ocrx_word' id='word_1_149' title='bbox 558 2323 678 2382; x_wconf 90' lang='lat' dir='ltr'>donavit</span> <span class='ocrx_word' id='word_1_150' title='bbox 691 2325 778 2400; x_wconf 88' lang='lat' dir='ltr'>plaga</span> <span class='ocrx_word' id='word_1_151' title='bbox 790 2342 908 2400; x_wconf 89' lang='lat' dir='ltr'>vapore.</span> <span class='ocrx_word' id='word_1_152' title='bbox 1065 2355 1068 2364; x_wconf 90' lang='lat'>·</span> <span class='ocrx_word' id='word_1_153' title='bbox 1100 2342 1161 2396; x_wconf 82' lang='lat'>¹095</span> 
     </span>
    </p>

    <p class='ocr_par' dir='ltr' id='par_1_21' title="bbox 256 2415 964 2490">
     <span class='ocr_line' id='line_1_24' title="bbox 256 2415 964 2490; baseline 0.001 -17"><span class='ocrx_word' id='word_1_154' title='bbox 256 2426 286 2474; x_wconf 92' lang='lat' dir='ltr'>et</span> <span class='ocrx_word' id='word_1_155' title='bbox 300 2434 413 2474; x_wconf 86' lang='lat' dir='ltr'>ramosa</span> <span class='ocrx_word' id='word_1_156' title='bbox 426 2425 606 2473; x_wconf 90' lang='lat' dir='ltr'>tamencum</span> <span class='ocrx_word' id='word_1_157' title='bbox 621 2416 717 2473; x_wconf 90' lang='lat' dir='ltr'>ventis</span> <span class='ocrx_word' id='word_1_158' title='bbox 731 2416 814 2490; x_wconf 91' lang='lat' dir='ltr'>pulsa</span> <span class='ocrx_word' id='word_1_159' title='bbox 829 2415 964 2474; x_wconf 88' lang='lat' dir='ltr'>vacillans</span> 
     </span>
    </p>

    <p class='ocr_par' dir='ltr' id='par_1_22' title="bbox 256 2505 937 2578">
     <span class='ocr_line' id='line_1_25' title="bbox 256 2505 937 2578; baseline 0 -15"><span class='ocrx_word' id='word_1_160' title='bbox 256 2517 368 2565; x_wconf 86' lang='lat' dir='ltr'>aestuat</span> <span class='ocrx_word' id='word_1_161' title='bbox 381 2507 412 2564; x_wconf 91' lang='lat' dir='ltr'>in</span> <span class='ocrx_word' id='word_1_162' title='bbox 424 2521 520 2564; x_wconf 88' lang='lat' dir='ltr'>ramos</span> <span class='ocrx_word' id='word_1_163' title='bbox 534 2506 707 2565; x_wconf 89' lang='lat' dir='ltr'>incumbens</span> <span class='ocrx_word' id='word_1_164' title='bbox 721 2505 830 2563; x_wconf 89' lang='lat' dir='ltr'>arboris</span> <span class='ocrx_word' id='word_1_165' title='bbox 844 2506 937 2578; x_wconf 88' lang='lat' dir='ltr'>arbor,</span> 
     </span>
    </p>

    <p class='ocr_par' dir='ltr' id='par_1_23' title="bbox 256 2595 880 2671">
     <span class='ocr_line' id='line_1_26' title="bbox 256 2595 880 2671; baseline -0.002 -17"><span class='ocrx_word' id='word_1_166' title='bbox 256 2597 426 2671; x_wconf 90' lang='lat' dir='ltr'>exprimitur</span> <span class='ocrx_word' id='word_1_167' title='bbox 438 2595 539 2654; x_wconf 91' lang='lat' dir='ltr'>validis</span> <span class='ocrx_word' id='word_1_168' title='bbox 553 2597 672 2654; x_wconf 85' lang='lat' dir='ltr'>extritus</span> <span class='ocrx_word' id='word_1_169' title='bbox 685 2595 793 2653; x_wconf 91' lang='lat' dir='ltr'>viribus</span> <span class='ocrx_word' id='word_1_170' title='bbox 807 2595 880 2670; x_wconf 92' lang='lat' dir='ltr'>ignis</span> 
     </span>
    </p>

    <p class='ocr_par' dir='ltr' id='par_1_24' title="bbox 256 2685 940 2757">
     <span class='ocr_line' id='line_1_27' title="bbox 256 2685 940 2757; baseline -0.001 -12"><span class='ocrx_word' id='word_1_171' title='bbox 256 2698 285 2745; x_wconf 92' lang='lat' dir='ltr'>et</span> <span class='ocrx_word' id='word_1_172' title='bbox 300 2687 389 2745; x_wconf 89' lang='lat' dir='ltr'>micat</span> <span class='ocrx_word' id='word_1_173' title='bbox 402 2686 548 2745; x_wconf 91' lang='lat' dir='ltr'>interdum</span> <span class='ocrx_word' id='word_1_174' title='bbox 562 2686 689 2745; x_wconf 89' lang='lat' dir='ltr'>flammai</span> <span class='ocrx_word' id='word_1_175' title='bbox 704 2685 830 2745; x_wconf 81' lang='lat' dir='ltr'>fervidus</span> <span class='ocrx_word' id='word_1_176' title='bbox 845 2686 940 2757; x_wconf 88' lang='lat' dir='ltr'>ardor,</span> 
     </span>
    </p>

    <p class='ocr_par' dir='ltr' id='par_1_25' title="bbox 255 2776 1160 2852">
     <span class='ocr_line' id='line_1_28' title="bbox 255 2776 1160 2852; baseline -0.001 -17"><span class='ocrx_word' id='word_1_177' title='bbox 255 2789 356 2835; x_wconf 91' lang='lat' dir='ltr'>mutua</span> <span class='ocrx_word' id='word_1_178' title='bbox 370 2776 441 2835; x_wconf 89' lang='lat' dir='ltr'>dum</span> <span class='ocrx_word' id='word_1_179' title='bbox 455 2778 530 2835; x_wconf 89' lang='lat' dir='ltr'>inter</span> <span class='ocrx_word' id='word_1_180' title='bbox 543 2795 574 2835; x_wconf 92' lang='lat' dir='ltr'>se</span> <span class='ocrx_word' id='word_1_181' title='bbox 588 2778 661 2835; x_wconf 91' lang='lat' dir='ltr'>rami</span> <span class='ocrx_word' id='word_1_182' title='bbox 675 2777 839 2852; x_wconf 88' lang='lat' dir='ltr'>stirpesque</span> <span class='ocrx_word' id='word_1_183' title='bbox 854 2787 993 2835; x_wconf 91' lang='lat' dir='ltr'>teruntur.</span> <span class='ocrx_word' id='word_1_184' title='bbox 1098 2795 1160 2834; x_wconf 84' lang='lat'>1100</span> 
     </span>
    </p>

    <p class='ocr_par' dir='ltr' id='par_1_26' title="bbox 254 2867 1099 2943">
     <span class='ocr_line' id='line_1_29' title="bbox 254 2867 1099 2943; baseline 0.001 -18"><span class='ocrx_word' id='word_1_185' title='bbox 254 2886 380 2942; x_wconf 91' lang='lat' dir='ltr'>quorum</span> <span class='ocrx_word' id='word_1_186' title='bbox 394 2878 550 2942; x_wconf 90' lang='lat' dir='ltr'>utrumque</span> <span class='ocrx_word' id='word_1_187' title='bbox 565 2867 681 2926; x_wconf 91' lang='lat' dir='ltr'>dedisse</span> <span class='ocrx_word' id='word_1_188' title='bbox 697 2876 795 2943; x_wconf 91' lang='lat' dir='ltr'>potest</span> <span class='ocrx_word' id='word_1_189' title='bbox 809 2867 977 2926; x_wconf 85' lang='lat' dir='ltr'>mortalibus</span> <span class='ocrx_word' id='word_1_190' title='bbox 991 2867 1099 2942; x_wconf 89' lang='lat' dir='ltr'>ignem.</span> 
     </span>
    </p>

    <p class='ocr_par' dir='ltr' id='par_1_27' title="bbox 254 2958 1025 3032">
     <span class='ocr_line' id='line_1_30' title="bbox 254 2958 1025 3032; baseline 0 -16"><span class='ocrx_word' id='word_1_191' title='bbox 254 2958 323 3016; x_wconf 91' lang='lat' dir='ltr'>inde</span> <span class='ocrx_word' id='word_1_192' title='bbox 338 2958 437 3016; x_wconf 91' lang='lat' dir='ltr'>cibum</span> <span class='ocrx_word' id='word_1_193' title='bbox 453 2975 581 3032; x_wconf 87' lang='lat' dir='ltr'>coquere</span> <span class='ocrx_word' id='word_1_194' title='bbox 595 2976 630 3015; x_wconf 93' lang='lat' dir='ltr'>ac</span> <span class='ocrx_word' id='word_1_195' title='bbox 645 2958 778 3015; x_wconf 88' lang='lat' dir='ltr'>flammae</span> <span class='ocrx_word' id='word_1_196' title='bbox 794 2958 905 3016; x_wconf 88' lang='lat' dir='ltr'>mollire</span> <span class='ocrx_word' id='word_1_197' title='bbox 918 2975 1025 3032; x_wconf 89' lang='lat' dir='ltr'>vapore</span> 
     </span>
    </p>

    <p class='ocr_par' dir='ltr' id='par_1_28' title="bbox 254 3047 1004 3124">
     <span class='ocr_line' id='line_1_31' title="bbox 254 3047 1004 3124; baseline -0.004 -16"><span class='ocrx_word' id='word_1_198' title='bbox 254 3050 298 3108; x_wconf 94' lang='lat' dir='ltr'>sol</span> <span class='ocrx_word' id='word_1_199' title='bbox 312 3048 422 3120; x_wconf 80' lang='lat' dir='ltr'>docuit,</span> <span class='ocrx_word' id='word_1_200' title='bbox 437 3049 577 3124; x_wconf 89' lang='lat' dir='ltr'>quoniam</span> <span class='ocrx_word' id='word_1_201' title='bbox 591 3049 745 3107; x_wconf 90' lang='lat' dir='ltr'>mitescere</span> <span class='ocrx_word' id='word_1_202' title='bbox 760 3048 851 3106; x_wconf 90' lang='lat' dir='ltr'>multa</span> <span class='ocrx_word' id='word_1_203' title='bbox 863 3047 1004 3107; x_wconf 88' lang='lat' dir='ltr'>videbant</span> 
     </span>
    </p>

    <p class='ocr_par' dir='ltr' id='par_1_29' title="bbox 252 3138 1157 3307">
     <span class='ocr_line' id='line_1_32' title="bbox 252 3138 1098 3214; baseline -0.002 -17"><span class='ocrx_word' id='word_1_204' title='bbox 252 3139 419 3198; x_wconf 88' lang='lat' dir='ltr'>verberibus</span> <span class='ocrx_word' id='word_1_205' title='bbox 433 3139 579 3198; x_wconf 89' lang='lat' dir='ltr'>radiorum</span> <span class='ocrx_word' id='word_1_206' title='bbox 595 3149 682 3214; x_wconf 90' lang='lat' dir='ltr'>atque</span> <span class='ocrx_word' id='word_1_207' title='bbox 696 3148 778 3196; x_wconf 91' lang='lat' dir='ltr'>aestu</span> <span class='ocrx_word' id='word_1_208' title='bbox 792 3138 869 3197; x_wconf 87' lang='lat' dir='ltr'>victa</span> <span class='ocrx_word' id='word_1_209' title='bbox 881 3156 934 3214; x_wconf 92' lang='lat' dir='ltr'>per</span> <span class='ocrx_word' id='word_1_210' title='bbox 949 3156 1042 3213; x_wconf 89' lang='lat' dir='ltr'>agros.</span> <span class='ocrx_word' id='word_1_211' title='bbox 1097 3145 1098 3150; x_wconf 77' lang='grc'>’</span> 
     </span>
     <span class='ocr_line' id='line_1_33' title="bbox 294 3229 1157 3307; baseline -0.006 -18"><span class='ocrx_word' id='word_1_212' title='bbox 294 3231 389 3307; x_wconf 89' lang='lat' dir='ltr'>Inque</span> <span class='ocrx_word' id='word_1_213' title='bbox 404 3230 467 3289; x_wconf 92' lang='lat' dir='ltr'>dies</span> <span class='ocrx_word' id='word_1_214' title='bbox 481 3231 571 3305; x_wconf 89' lang='lat' dir='ltr'>magis</span> <span class='ocrx_word' id='word_1_215' title='bbox 586 3230 616 3288; x_wconf 93' lang='lat' dir='ltr'>hi</span> <span class='ocrx_word' id='word_1_216' title='bbox 630 3231 739 3287; x_wconf 90' lang='lat' dir='ltr'>victum</span> <span class='ocrx_word' id='word_1_217' title='bbox 754 3229 902 3305; x_wconf 87' lang='lat' dir='ltr'>vitamque</span> <span class='ocrx_word' id='word_1_218' title='bbox 917 3230 1044 3303; x_wconf 89' lang='lat' dir='ltr'>priorem</span> <span class='ocrx_word' id='word_1_219' title='bbox 1095 3245 1157 3300; x_wconf 77' lang='lat'>1105</span> 
     </span>
    </p>

    <p class='ocr_par' dir='ltr' id='par_1_30' title="bbox 253 3319 984 3394">
     <span class='ocr_line' id='line_1_34' title="bbox 253 3319 984 3394; baseline -0.005 -15"><span class='ocrx_word' id='word_1_220' title='bbox 253 3332 434 3380; x_wconf 88' lang='lat' dir='ltr'>commutare</span> <span class='ocrx_word' id='word_1_221' title='bbox 449 3321 532 3378; x_wconf 90' lang='lat' dir='ltr'>novis</span> <span class='ocrx_word' id='word_1_222' title='bbox 545 3321 745 3378; x_wconf 90' lang='lat' dir='ltr'>monstrabant</span> <span class='ocrx_word' id='word_1_223' title='bbox 758 3320 840 3377; x_wconf 91' lang='lat' dir='ltr'>rebu’</span> <span class='ocrx_word' id='word_1_224' title='bbox 855 3319 984 3394; x_wconf 88' lang='lat' dir='ltr'>benigni,</span> 
     </span>
    </p>

    <p class='ocr_par' dir='ltr' id='par_1_31' title="bbox 253 3408 942 3488">
     <span class='ocr_line' id='line_1_35' title="bbox 253 3408 942 3488; baseline -0.004 -18"><span class='ocrx_word' id='word_1_225' title='bbox 253 3413 372 3488; x_wconf 87' lang='lat' dir='ltr'>ingenio</span> <span class='ocrx_word' id='word_1_226' title='bbox 386 3412 436 3488; x_wconf 89' lang='lat' dir='ltr'>qui</span> <span class='ocrx_word' id='word_1_227' title='bbox 451 3411 634 3486; x_wconf 89' lang='lat' dir='ltr'>praestabant</span> <span class='ocrx_word' id='word_1_228' title='bbox 648 3419 677 3467; x_wconf 91' lang='lat' dir='ltr'>et</span> <span class='ocrx_word' id='word_1_229' title='bbox 692 3408 783 3466; x_wconf 92' lang='lat' dir='ltr'>corde</span> <span class='ocrx_word' id='word_1_230' title='bbox 797 3409 942 3485; x_wconf 89' lang='lat' dir='ltr'>vigebant.</span> 
     </span>
    </p>

    <p class='ocr_par' dir='ltr' id='par_1_32' title="bbox 253 3492 930 3576">
     <span class='ocr_line' id='line_1_36' title="bbox 253 3492 930 3576; baseline -0.003 -16"><span class='ocrx_word' id='word_1_231' title='bbox 253 3502 383 3562; x_wconf 89' lang='lat' dir='ltr'>condere</span> <span class='ocrx_word' id='word_1_232' title='bbox 398 3492 559 3576; x_wconf 86' lang='lat' dir='ltr'>coeperunt</span> <span class='ocrx_word' id='word_1_233' title='bbox 573 3500 651 3558; x_wconf 89' lang='lat' dir='ltr'>urbis</span> <span class='ocrx_word' id='word_1_234' title='bbox 665 3517 820 3574; x_wconf 87' lang='lat' dir='ltr'>arcemque</span> <span class='ocrx_word' id='word_1_235' title='bbox 835 3500 930 3558; x_wconf 90' lang='lat' dir='ltr'>locare</span> 
     </span>
    </p>
   </div>
   <div class='ocr_carea' id='block_1_5' title="bbox 0 0 1400 4025">
    <p class='ocr_par' dir='ltr' id='par_1_33' title="bbox 0 0 1400 4025">
     <span class='ocr_line' id='line_1_37' title="bbox 0 0 1400 4025; baseline 0 4"><span class='ocrx_word' id='word_1_236' title='bbox 0 0 1400 4025; x_wconf 95' lang='lat' dir='ltr'> </span> 
     </span>
    </p>
   </div>
  </div>
 </body>
</html>
