2792 4025
263 260 285 310 2
601 257 832 311 nuenarius
1130 202 1184 324 [ι.ἱ

264 429 294 479 te
308 418 419 479 sociam
433 417 538 478 studeo
553 417 714 477 scribendis
728 417 856 476 versibus
871 434 934 475 esse

266 529 339 586 quos
353 528 409 586 ego
424 509 462 567 de
476 527 572 567 rerum
587 519 688 567 natura
698 526 825 583 pangere
839 525 932 565 conor
1139 525 1169 578 ²5

265 599 465 660 Memmiadae
479 609 589 671 nostro,
604 616 693 673 quem
708 607 749 669 tu,
764 597 829 667 dea,
844 606 977 672 tempore
992 596 1118 656 inomni

264 691 400 750 omnibus
415 699 548 749 omatum
561 689 676 747 voluisti
690 688 832 745 excellere
846 688 941 745 rebus.

264 799 324 855 quo
338 781 429 856 magis
444 790 595 839 aeternum
609 778 649 837 da
662 778 757 851 dictis,
772 777 848 849 diva,
862 777 1002 852 leporem.

265 871 349 929 effice
363 880 395 928 ut
408 872 519 929 interea
532 870 593 928 fera
606 887 747 927 moenera
760 868 870 926 militiai

263 979 316 1036 per
329 962 419 1018 maria
432 979 468 1018 ac
482 970 570 1019 terras
584 960 679 1017 omnis
693 959 789 1034 sopita
802 959 962 1033 quiescant

263 1070 332 1108 narn
347 1060 378 1109 tu
393 1051 454 1109 sola
467 1060 552 1125 potes
566 1050 720 1123 tranquilla
732 1067 807 1124 pace
821 1049 918 1106 iuvare

263 1142 399 1213 mortalis,
415 1142 554 1215 quoniam
568 1141 636 1199 belli
650 1140 711 1197 sera
723 1157 864 1198 moenera
877 1140 995 1197 Mavors

263 1232 440 1306 armipotens
454 1232 535 1307 regit,
550 1232 580 1289 in
594 1230 738 1305 gremium
752 1230 803 1304 qui
813 1247 901 1303 saepe
916 1238 998 1288 tuum
1013 1246 1044 1287 se
1067 1235 1075 1246 “

261 1322 344 1379 reicit
357 1331 476 1379 aeterno
491 1321 623 1380 devictus
633 1321 751 1379 vulnere
765 1319 881 1391 amoris,

262 1421 350 1485 atque
365 1413 405 1469 ita
418 1412 579 1486 suspiciens
593 1412 677 1469 tereti
691 1410 805 1468 cervice
820 1418 937 1483 reposta

262 1503 356 1577 pascit
369 1519 468 1559 amore
483 1501 583 1559 avidos
597 1501 711 1558 inhians
725 1501 755 1558 in
769 1511 808 1574 te,
823 1499 889 1573 dea,
902 1499 990 1571 visus,

263 1608 339 1665 eque
354 1600 406 1649 tuo
420 1590 532 1665 pendet
545 1591 673 1665 resupini
687 1591 802 1665 spiritus
816 1608 877 1649 ore.

261 1680 341 1739 hunc
355 1690 396 1752 tu,
411 1680 487 1754 diva,
502 1689 552 1739 tuo
566 1680 755 1739 recubantem
770 1698 894 1755 corpore
908 1689 1011 1739 sancto

262 1772 437 1829 circumfusa
450 1789 545 1846 super,
561 1771 658 1828 suavis'
669 1789 707 1828 ex
720 1789 770 1828 ore
784 1772 924 1845 loquellas

260 1861 351 1919 funde
365 1872 469 1936 petens
483 1860 631 1936 placidam
646 1862 797 1932 Romanis,
812 1862 929 1933 incluta,
944 1878 1059 1937 pacem.

260 1971 330 2010 nam
344 1969 441 2027 neque
456 1970 510 2010 nos
524 1970 609 2028 agere
624 1952 681 2009 hoc
696 1952 798 2028 patriai
812 1961 944 2028 tempore
958 1952 1060 2026 iniquo

259 2061 417 2118 possumus
431 2061 526 2117 aequo
540 2043 639 2101 animo
653 2061 711 2100 nec
725 2043 849 2101 Memmi
864 2043 941 2101 clara
953 2060 1085 2119 propago

259 2133 364 2192 talibus
378 2133 409 2192 in
422 2135 509 2192 rebus
523 2133 674 2192 communi
687 2132 772 2192 desse
787 2134 879 2192 saluti.

702 2235 719 2270 *

259 2311 341 2388 quod
355 2322 493 2388 superest,
508 2332 614 2372 vacuas
629 2313 704 2371 auris
718 2314 907 2387 animumque
922 2331 1058 2387 sagacem

259 2413 404 2462 semotum
419 2423 436 2461 a
451 2405 527 2462 curis
541 2403 648 2462 adhibe
662 2422 761 2461 veram
775 2403 814 2461 ad
827 2405 979 2475 rationem,

258 2511 297 2551 ne
311 2512 377 2551 mea
391 2493 470 2552 dona
484 2494 536 2552 tibi
550 2494 647 2552 studio
662 2493 793 2569 disposta
806 2493 895 2565 fideli,

258 2584 405 2641 intellecta
418 2585 496 2658 prius
511 2602 599 2657 quam
613 2585 678 2656 sint,
693 2593 863 2659 contempta
876 2583 1030 2658 relinquas.

258 2693 328 2731 nam
342 2675 394 2732 tibi
408 2673 446 2732 de
461 2693 576 2732 summa
589 2675 663 2733 caeli
676 2675 788 2732 ratione
803 2674 952 2748 deumque

258 2763 399 2822 disserere
413 2764 551 2838 incipiam
566 2774 596 2822 et
609 2783 705 2822 rerum
718 2763 878 2849 primordia
891 2763 1030 2839 pandam,

257 2853 337 2911 unde
351 2855 447 2912 omnis
460 2864 562 2912 natura
576 2864 655 2913 creet
668 2872 714 2912 res
729 2863 826 2912 auctet
840 2854 955 2927 alatque

258 2961 354 3018 quove
369 2944 474 3003 eadem
488 2963 600 3002 rursum
614 2955 717 3002 natura
731 2953 883 3019 perempta
896 2943 1029 3017 resolvat,

257 3052 333 3108 quae
348 3051 402 3091 nos
415 3035 566 3091 materiem
581 3044 611 3092 et
624 3034 759 3109 genitalia
772 3051 896 3108 corpora
908 3034 995 3091 rebus

256 3122 412 3181 reddunda
426 3124 456 3181 in
469 3125 582 3182 ratione
596 3142 701 3181 vocare
716 3133 745 3180 et
759 3124 871 3180 semina
883 3141 981 3180 rerum

256 3214 402 3289 appellare
417 3214 534 3271 suemus
549 3222 578 3270 et
592 3213 665 3271 haec
680 3213 786 3271 eadem
799 3231 937 3290 usurpare

256 3321 381 3378 corpora
400 3303 502 3378 prima,
518 3302 599 3377 quod
614 3321 650 3360 ex
663 3303 717 3360 illis
731 3311 799 3361 sunt
813 3305 912 3362 omnia
925 3305 1033 3380 primis
1159 3357 1163 3364 .

298 3395 438 3451 Humana
452 3402 519 3451 ante
535 3394 635 3451 oculos
650 3393 737 3452 foede
752 3413 820 3451 cum
834 3395 892 3453 vita
905 3397 1014 3454 iaceret
1097 3379 1106 3397 ⁵

256 3483 287 3542 in
300 3484 381 3542 terris
396 3501 536 3559 oppressa
549 3484 627 3560 gravi
641 3485 695 3544 sub
709 3485 847 3561 religione
