2792 4025
239 278 303 350 tv.]
480 280 534 332 DE
560 280 707 333 RERUM
734 279 906 333 NATURA
1084 280 1142 344 123

237 455 357 497 cernere
370 456 432 497 non
445 438 522 513 potis
533 448 577 496 est
586 432 700 497 animus
711 460 720 511 ;
734 438 859 514 proinde
871 437 970 497 omnia
984 455 1060 513 quae
1076 449 1142 498 sunt

237 538 387 603 praeterea
399 534 531 604 pereunt,
546 529 601 587 nisi
615 529 714 604 siquae
729 524 768 587 ad
782 547 812 587 se
827 530 889 604 ipse
903 530 1021 605 paravit.

237 619 301 694 ipse
315 629 397 693 parat
410 637 474 677 sese
488 637 575 694 porro
590 631 746 695 speratque
761 620 891 678 futurum
1018 678 1019 683 ,
1093 629 1140 693 805

237 719 270 766 ut
283 708 380 767 videat
393 709 475 784 quod
489 711 678 784 consequitur
690 729 753 768 rem
768 728 917 786 quamque
928 730 938 784 ;
960 711 993 771 fit
1007 729 1085 787 ergo.

237 817 336 857 nonne
350 798 432 857 vides
446 800 548 857 oculos
562 801 660 871 etiarn,
675 819 744 858 cum
759 802 856 859 tenvia
872 820 947 876 quae
962 812 1030 862 sunt

238 906 357 947 cernere
372 900 541 966 coeperunt,
556 889 736 948 contendere
751 908 783 949 se
797 902 885 968 atque
899 911 1011 968 parare,

238 997 294 1037 nec
308 980 371 1037 sine
384 998 422 1038 eo
435 981 497 1037 fieri
511 998 598 1055 posse
612 990 645 1037 ut
658 998 813 1039 cernamus
827 986 934 1042 acute?
1092 990 1142 1041 διο

238 1079 379 1127 ettamen
394 1071 425 1129 in
437 1071 524 1128 rebus
537 1088 657 1145 quoque
672 1072 779 1146 apertis
793 1091 915 1131 noscere
929 1074 1032 1149 possis,

237 1161 262 1218 si
276 1180 337 1219 non
350 1161 483 1219 advertas
497 1162 636 1232 animum,
651 1162 775 1236 proinde
790 1182 853 1221 esse
867 1166 949 1239 quasi
963 1164 1045 1222 omni

238 1261 371 1328 tempore
386 1262 532 1309 semotum
547 1252 632 1309 fuerit
645 1253 791 1328 longeque
806 1264 959 1312 remotum.

238 1360 290 1401 cur
303 1342 388 1417 igitur
401 1343 543 1413 mirumst,
557 1343 671 1401 animus
685 1344 710 1402 si
725 1354 821 1401 cetera
834 1344 931 1419 perdit

237 1444 440 1508 praeterquam
455 1434 561 1507 quibus
576 1443 620 1491 est
634 1434 664 1492 in
678 1435 764 1493 rebus
780 1434 898 1493 deditus
912 1436 997 1511 ipse?
1094 1443 1141 1507 815

238 1523 347 1581 deinde
360 1523 555 1598 adopinamur
567 1524 606 1582 de
623 1525 710 1600 signis
725 1526 852 1583 maxima
866 1528 961 1601 parvis

237 1632 273 1672 ac
286 1632 341 1672 nos
355 1614 386 1671 in
400 1614 531 1672 fraudem
546 1615 693 1674 induimus
708 1611 894 1675 frustraminis
909 1614 985 1695 ipsi]

278 1706 326 1762 Fit
339 1723 459 1779 quoque
474 1716 505 1764 ut
520 1706 666 1764 interdum
680 1725 741 1765 non
756 1707 959 1783 suppeditetur
972 1709 1069 1783 imago

238 1794 370 1853 eiusdem
384 1798 506 1871 generis,
520 1796 574 1855 sed
588 1798 696 1855 semina
709 1816 785 1872 quae
799 1799 852 1855 fuit
866 1808 943 1871 ante,

237 1886 268 1944 in
282 1888 416 1945 manibus
430 1888 473 1944 vir
486 1888 527 1944 uti
541 1888 634 1945 sactus
648 1888 780 1946 videatur
795 1888 909 1960 adesse,
1094 1893 1144 1944 820

238 1986 289 2034 aut
301 1976 357 2034 alia
371 1995 408 2035 ex
421 1978 476 2035 alia
489 1977 577 2035 facies
592 1987 731 2053 aetasque
748 1987 894 2054 sequatur.

239 2068 322 2142 quod
336 2086 374 2126 ne
388 2069 525 2126 miremur
538 2086 627 2143 sopor
640 2079 727 2144 atque
744 2070 851 2128 oblivia
865 2079 977 2129 curant.

282 2156 375 2235 [illud
389 2158 419 2216 in
433 2157 477 2215 his
490 2159 577 2216 rebus
590 2159 692 2216 vitium
707 2169 858 2218 vementer
871 2160 978 2218 avessis

239 2247 375 2323 effugere,
390 2266 517 2305 errorem
530 2249 678 2323 vitareque
692 2260 935 2324 praemetuenter,

239 2337 352 2396 lumina¹
362 2356 399 2396 ne
414 2338 504 2395 facias
517 2338 668 2397 oculorum
684 2340 761 2396 clara
775 2350 881 2412 creata,
1096 2347 1143 2410 825

146 2461 152 2472 ·
239 2429 407 2504 prospicere
421 2437 452 2486 ut
466 2447 628 2504 possemus,
643 2439 672 2487 et
685 2439 718 2487 ut
732 2430 859 2504 proferre
874 2447 1016 2505 queamus

239 2538 378 2595 proceros
392 2537 502 2594 passus,
517 2519 586 2578 ideo
600 2519 713 2595 fastigia
726 2539 813 2596 posse

239 2629 370 2668 surarum
383 2629 419 2668 ac
432 2610 574 2668 feminum
588 2610 714 2685 pedibus
729 2610 849 2669 fundata
864 2610 973 2686 plicari,
995 2617 998 2623 '

239 2701 377 2760 bracchia
388 2710 451 2759 tum
466 2719 553 2776 porro
567 2701 669 2759 validis
683 2720 720 2760 ex
733 2711 802 2776 apta
815 2702 928 2760 lacertis

240 2809 303 2850 esse
318 2809 479 2866 manusque
494 2790 577 2849 datas
591 2801 712 2866 utraque
728 2810 764 2849 ex
778 2803 859 2866 parte
875 2793 1028 2864 ministras,
1096 2799 1146 2864 830

239 2892 273 2940 ut
285 2882 381 2939 facere
395 2881 433 2939 ad
448 2882 535 2940 vitam
550 2900 703 2958 possemus
717 2901 792 2957 quae
808 2883 882 2941 foret
896 2901 973 2940 usus.

240 2984 338 3029 cetera
351 2971 389 3030 de
403 2991 510 3047 genere
524 2971 582 3031 hoc
596 2973 672 3031 inter
685 2991 889 3048 quaecumque
904 2981 1061 3048 metantur,

240 3067 340 3120 omnia
354 3081 487 3138 perversa
501 3072 688 3138 praepostera
702 3073 769 3120 sunt
783 3065 905 3134 ratione,

240 3152 282 3210 nil
295 3151 363 3210 ideo
378 3153 518 3227 quoniam
532 3162 660 3212 natumst
674 3153 705 3210 in
719 3170 843 3228 corpore
857 3163 889 3211 nt
903 3154 944 3211 uti

241 3261 403 3318 possemus,
418 3242 472 3301 sed
486 3242 569 3317 qnod
583 3253 712 3302 natumst
726 3243 756 3301 id
771 3253 906 3319 procreat
921 3261 1016 3303 usum.
1098 3251 1146 3314 835

240 3351 297 3391 nec
311 3332 364 3390 suit
377 3343 444 3390 ante
459 3331 557 3391 videre
571 3335 723 3391 oculorum
737 3334 847 3392 lumina
861 3343 929 3392 nata

125 3434 127 3437 ’
166 3467 170 3472 -
241 3442 297 3481 nec
311 3422 398 3480 dictis
411 3441 493 3481 orare
507 3423 585 3498 prius
599 3442 688 3499 quam
702 3424 800 3500 lingna
813 3434 946 3496 creatast,

241 3513 295 3573 sed
308 3514 406 3590 potius
419 3513 506 3589 longe
520 3514 635 3590 linguae
649 3515 807 3590 praecessit
821 3515 903 3590 origo
