2792 4025
257 243 318 307 106
572 256 803 312 LUCRETIUS
1091 254 1158 324 [IV.

251 437 321 477 cum
336 417 480 476 iaciuntur
493 427 524 492 et
537 418 676 476 emissum
691 435 737 475 res
750 417 829 475 nulla
842 419 990 476 moratur?
1111 434 1157 489 ²05

252 526 351 584 quone
366 508 449 568 vides
463 509 547 566 citius
561 507 669 566 debere
685 518 715 566 et
727 507 842 583 longius
856 508 898 566 ire

252 597 461 675 multiplexque
475 599 533 657 loci
547 599 673 673 spatium
687 608 880 656 transcurrere
895 596 1003 656 eodem

251 699 384 765 tempore
398 708 458 765 quo
473 688 540 746 solis
555 689 725 764 pervolgant
739 690 848 746 lumina
861 689 997 746 caelum?

252 780 310 838 hoc
324 782 412 839 etiam
426 781 456 838 in
469 780 569 855 primis
584 781 736 854 specimen
750 797 851 836 verum
865 797 929 836 esse
943 777 1058 838 videtur

251 888 340 945 quam
354 872 441 929 celeri
455 880 536 929 motu
551 887 646 927 rerum
661 869 813 928 simulacra
826 870 961 942 ferantur,
1111 891 1158 926 210

251 960 334 1036 quod
347 962 432 1020 simul
446 980 481 1018 ac
495 962 622 1036 primum
638 961 692 1018 sub
707 960 758 1018 diu
773 958 912 1034 splendor
925 960 1012 1034 aquai

249 1053 376 1126 ponitur,
392 1052 540 1127 extemplo
555 1052 638 1110 caelo
653 1051 785 1109 stellante
800 1067 905 1108 serena

251 1141 346 1200 sidera
359 1142 540 1218 respondent
553 1143 583 1200 in
597 1161 674 1217 aqua
686 1140 830 1198 radiantia
843 1139 956 1198 mundi.

250 1233 348 1291 iamne
362 1233 443 1291 vides
457 1233 542 1308 igitur
556 1251 645 1307 quam
659 1243 771 1307 puncto
785 1241 918 1306 tempore
932 1231 1029 1306 imago

249 1323 374 1382 aetheris
388 1341 425 1380 ex
439 1325 496 1381 oris
510 1324 539 1380 in
555 1333 693 1381 terrarum
709 1321 825 1380 accidat
838 1323 924 1379 oras?
1109 1342 1137 1378 21
1141 1338 1155 1393 5

249 1431 339 1488 quare
353 1415 442 1472 etiam
455 1423 543 1489 atque
558 1415 646 1472 etiam
660 1414 733 1471 mira
747 1413 855 1470 fateare
869 1421 1018 1470 necessest

249 1613 373 1670 corpora
387 1613 462 1669 quae
477 1595 579 1652 feriant
593 1595 693 1652 oculos
707 1594 860 1668 visumque
874 1592 1026 1652 lacessant.

248 1694 449 1760 perpetuoque
464 1685 557 1743 fluunt
570 1686 656 1742 certis
670 1685 708 1742 ab
720 1684 807 1742 rebus
820 1683 946 1756 odores3

248 1774 336 1850 frigus
350 1784 414 1832 uta
428 1774 528 1846 fluviiS,
544 1775 623 1833 calor
637 1775 675 1832 ab
689 1774 760 1846 sole,
775 1785 871 1832 aestus
885 1775 923 1833 ab
936 1772 1024 1832 undis

248 1867 383 1939 aequoris
397 1882 500 1922 exesor
514 1883 681 1924 moerorum
697 1865 780 1922 litora
794 1865 914 1922 circum.
1108 1885 1156 1921 κο

247 1976 305 2016 nec
318 1959 413 2016 variae
427 1967 543 2015 cessant
557 1975 645 2016 voces
659 1958 778 2016 volitare
793 1975 846 2033 per
860 1976 951 2017 auras.

248 2048 376 2124 denique
391 2049 420 2105 in
435 2067 468 2106 os
483 2048 548 2106 salsi
562 2050 641 2107 venit
655 2067 741 2106 umor
754 2067 843 2124 saepe
858 2049 978 2125 saporis,

247 2156 317 2197 cum
331 2157 410 2197 mare
424 2157 571 2197 versamur
584 2149 713 2214 propter,
729 2138 878 2215 dilutaque
893 2150 996 2198 contra

247 2248 315 2287 cum
329 2231 436 2286 tuimur
450 2230 565 2287 misceri
579 2230 732 2300 absinthia,
747 2231 839 2304 tangit
849 2249 972 2289 amaror.

246 2338 339 2395 usque
354 2319 430 2377 adeo
445 2320 581 2378 omnibus
595 2321 633 2378 ab
647 2321 734 2378 rebus
748 2339 794 2378 res
808 2339 943 2395 quaeque
958 2321 1082 2380 fluenter
1106 2339 1153 2393 225

246 2411 335 2469 fertur
348 2420 378 2469 et
391 2412 421 2468 in
436 2420 557 2469 cunctas
572 2411 726 2469 dimittitur
739 2411 871 2487 undique
886 2413 974 2488 partis

245 2518 302 2558 nce
316 2519 398 2559 mora
411 2519 467 2559 nec
481 2503 596 2576 requies
611 2501 771 2559 interdatur
785 2503 843 2560 ulla
856 2502 976 2573 fluendi,

245 2600 390 2667 perpetuo
405 2592 545 2666 quoniam
560 2593 710 2666 sentimuS,
726 2602 756 2649 et
770 2594 869 2651 omnia
883 2611 1000 2668 semper

245 2698 365 2739 cernere
380 2681 496 2740 odorari
509 2682 578 2740 licet
592 2693 622 2741 et
636 2684 743 2740 sentire
758 2701 872 2741 sonare.

286 2772 439 2830 Praeterea
452 2774 592 2846 quoniam
608 2774 743 2831 manibus
757 2783 878 2831 tractata
890 2772 982 2848 figura
1103 2794 1152 2845 230

244 2861 275 2920 in
288 2863 416 2920 tenebris
430 2862 575 2937 quaedam
590 2865 777 2938 cognoscitur
791 2882 854 2921 esse
869 2863 974 2922 eadem
989 2881 1065 2939 quae

244 2952 371 3009 cernitur
385 2954 414 3010 in
429 2952 494 3011 luce
509 2961 538 3010 et
552 2953 629 3011 claro
645 2953 785 3025 candore,
800 2963 953 3013 necessest

244 3043 388 3100 consimili
403 3062 492 3100 causa
505 3052 614 3101 tactum
630 3045 784 3117 visumque
799 3045 918 3103 moveri.

243 3150 323 3190 nunc
337 3133 421 3208 igitur
435 3133 459 3191 si
474 3133 647 3207 quadratum
662 3144 840 3209 temptamus
854 3145 884 3192 et
898 3133 930 3192 id
943 3153 999 3193 nos

244 3234 412 3281 commovet
427 3224 456 3281 in
472 3225 607 3297 tenebris
622 3225 651 3282 in
666 3225 725 3282 luci
739 3242 814 3299 quae
828 3225 936 3300 poterit
950 3244 995 3283 res
1104 3243 1150 3297 ²35

243 3312 378 3372 accidere
392 3313 431 3371 ad
446 3316 576 3389 speciem
591 3314 741 3389 quadrata,
758 3315 814 3373 nisi
828 3316 890 3374 eius
904 3316 1023 3391 imago?

243 3421 308 3462 esse
322 3405 352 3462 in
365 3405 539 3480 imaginibus
554 3415 734 3480 quapropter
747 3424 837 3465 causa
850 3406 965 3464 videtur

243 3494 386 3553 cernundi
400 3513 497 3570 neque
512 3513 599 3571 posse
613 3495 675 3553 sine
690 3496 735 3555 his
748 3514 795 3556 res
808 3496 866 3555 ulla
878 3497 980 3556 videri.
