2792 4025
240 278 290 348 v.]
476 282 531 334 nr:
558 283 705 336 RERUM
733 281 903 335 NATURA
1086 282 1144 348 ¹77

239 459 308 498 cum
322 443 425 501 satiate
439 444 515 517 cibi;
537 462 606 501 nam
621 453 683 502 tum
697 443 771 501 haec
785 453 853 501 sunt
866 443 966 501 omnia
979 442 1070 502 cordi.

239 549 328 606 saepe
342 532 441 608 itaque
454 535 529 591 inter
542 552 574 592 se
588 534 722 609 prostrati
737 535 765 591 in
780 534 910 609 gramine
925 534 1005 592 molli

238 633 359 697 propter
372 642 465 698 aquae
479 625 572 682 rivom
586 625 640 683 sub
654 625 740 682 ramis
755 625 863 683 arboris
878 625 952 682 altae

238 730 300 770 non
314 714 427 789 magnis
440 714 546 789 opibus
561 713 689 772 iucunde
704 732 828 789 corpora
842 714 999 786 habebant,

238 804 407 877 praesertim
421 822 491 861 cum
504 814 662 879 tempestas
675 804 790 862 ridebat
804 813 834 862 et
848 806 918 861 anni
1082 821 1143 875 1395

238 899 372 969 tempora
384 894 544 970 pingebant
557 894 706 952 viridantis
721 894 839 953 floribus
853 893 967 954 herbas.

238 993 301 1041 tum
315 984 390 1057 ioca,
404 993 467 1043 tum
482 1002 587 1055 senno,
602 994 665 1042 tum
680 984 782 1042 dulces
796 1002 859 1042 esse
874 984 1012 1042 cachinni

238 1083 421 1133 consuerant
436 1074 555 1150 agrestis
569 1074 649 1133 enim
664 1084 727 1132 tum
741 1091 824 1132 musa
837 1074 971 1149 vigebat;

238 1173 300 1221 tum
315 1174 403 1239 caput
416 1175 504 1239 atque
518 1181 635 1222 umeros
648 1164 742 1239 plexis
755 1163 890 1222 redimire
904 1164 1020 1222 coronis

238 1254 356 1312 floribus
370 1264 400 1312 et
413 1254 488 1312 foliis
502 1254 619 1312 lascivia
632 1254 709 1313 laeta
722 1254 870 1327 monebat,
1083 1274 1145 1321 1400

238 1354 325 1419 atque
341 1355 420 1402 extra
433 1362 588 1403 numerum
602 1344 765 1420 procedere
780 1344 912 1403 membra
925 1353 1078 1403 moventes

239 1434 347 1493 duriter
360 1445 389 1493 et
403 1434 477 1493 duro
491 1446 594 1493 terram
610 1434 688 1510 pede
702 1434 809 1509 pellere
823 1444 965 1508 matrem3

238 1525 318 1583 unde
332 1526 498 1584 oriebantur
511 1526 584 1584 risus
597 1525 758 1600 dulcesque
773 1525 918 1598 cachinni,

238 1616 339 1674 omnia
352 1616 435 1691 quod
449 1625 602 1675 novatum
615 1616 707 1692 magis
722 1616 796 1673 haec
811 1625 841 1673 et
855 1615 927 1673 mira
940 1614 1085 1691 vigebant.

239 1716 269 1764 et
281 1706 462 1781 vigilantibus
476 1707 545 1764 hinc
560 1705 682 1765 aderant
695 1706 804 1765 solacia
818 1707 923 1777 somni,
1080 1722 1140 1776 ¹405

238 1796 347 1855 ducere
361 1797 541 1855 multimodis
555 1816 643 1855 voces
657 1806 687 1855 et
702 1796 819 1855 flectere
834 1805 937 1855 cantus

239 1898 269 1945 et
282 1904 387 1962 supera
400 1887 529 1945 calamos
544 1905 622 1945 unco
636 1905 804 1962 percurrere
819 1886 921 1960 labro;

238 1976 319 2036 unde
333 1977 420 2035 etiam
436 1977 535 2053 vigiles
549 1995 628 2036 nunc
644 1978 718 2036 haec
732 1987 856 2053 accepta
869 1986 988 2036 tuentur

239 2079 269 2126 et
283 2086 437 2126 numerum
450 2086 564 2129 servare
578 2087 681 2127 recens
695 2069 836 2140 didicere,
851 2086 949 2142 neque
963 2066 1024 2126 hilo

238 2160 380 2216 maiorem
394 2158 504 2215 interea
517 2158 637 2233 capiunt
651 2158 809 2216 dulcedini'
825 2159 950 2216 fructum
1083 2177 1146 2224 1410

239 2267 329 2324 quam
343 2249 469 2306 silvestre
483 2266 576 2323 genus
590 2249 725 2324 capiebat
739 2249 955 2324 terrigenarum.

239 2358 308 2398 nam
325 2338 406 2414 quod
421 2337 504 2396 adest
517 2349 642 2413 praesto,
658 2339 712 2396 nisi
728 2338 799 2413 quid
814 2339 1006 2412 cognovimus
1020 2346 1087 2395 ante

239 2432 363 2502 suavius,
378 2431 408 2488 in
422 2429 521 2505 primis
535 2429 633 2504 placet
647 2438 676 2487 et
690 2429 801 2504 pollere
815 2428 937 2500 videtur,

239 2522 441 2598 posteriorque
455 2522 515 2579 sere
529 2520 632 2578 melior
644 2538 689 2577 res
704 2519 751 2577 illa
764 2529 880 2594 reperta

239 2611 335 2687 perdit
349 2621 379 2669 et
392 2612 526 2669 immutat
540 2629 642 2669 sensus
656 2609 695 2667 ad
709 2610 830 2685 pristina
843 2625 989 2684 quaeque.
1083 2627 1125 2675 141
1130 2625 1144 2678 5

240 2703 282 2760 sic
297 2701 398 2759 odium
412 2703 512 2777 coepit
525 2701 648 2776 glandis,
664 2700 706 2758 sic
721 2701 768 2758 illa
781 2699 879 2757 relicta

240 2802 328 2851 strata
341 2792 448 2850 cubilia
461 2802 528 2849 sunt
543 2791 639 2850 herbis
654 2801 684 2849 et
698 2789 848 2848 frondibus
863 2799 957 2848 aucta

240 2883 323 2958 pellis
337 2882 408 2940 item
422 2881 531 2940 cecidit
544 2883 631 2940 vestis
646 2890 817 2956 contempta
831 2881 959 2952 serinae;

241 2991 331 3048 quam
344 2991 412 3030 reor
425 2972 534 3031 invidia
547 2973 597 3030 tali
610 2981 681 3030 tunc
696 2990 761 3031 esse
776 2981 931 3046 repertam,

241 3073 274 3123 ut
286 3064 376 3121 letum
391 3063 501 3121 insidiis
516 3063 566 3137 qui
579 3064 668 3138 gessit
680 3062 792 3137 primus
806 3062 909 3132 obiret,
1084 3077 1147 3125 1420

241 3164 271 3212 et
284 3164 383 3211 tamen
397 3154 471 3211 inter
485 3171 536 3211 eos
550 3151 717 3211 distractam
731 3153 872 3228 sanguine
887 3150 978 3208 multo

241 3244 405 3320 disperiisse
420 3261 516 3318 neque
531 3244 560 3300 in
575 3243 699 3301 fructum
714 3253 883 3300 convertere
898 3242 1004 3316 quisse.

241 3344 312 3392 tunc
327 3334 411 3409 igitur
424 3334 523 3408 pelles,
538 3351 617 3391 nunc
631 3351 734 3390 aurum
748 3341 779 3391 et
792 3350 920 3407 purpura
933 3331 1010 3389 curis

242 3434 379 3483 exercent
393 3424 544 3482 hominum
558 3423 648 3481 vitam
662 3423 798 3498 belloque
812 3422 952 3497 fatigant3

242 3533 304 3591 quo
317 3514 408 3594 magis
422 3513 452 3572 in
465 3513 560 3586 nobis,
574 3523 607 3573 ut
619 3514 733 3590 opinor,
747 3512 834 3589 culpa
847 3509 963 3571 resedit
1084 3525 1146 3581 ¹4²5

678 3620 707 3655 12
