<?xml version="1.0" encoding="UTF-8"?>
<!DOCTYPE html PUBLIC "-//W3C//DTD XHTML 1.0 Transitional//EN"
    "http://www.w3.org/TR/xhtml1/DTD/xhtml1-transitional.dtd">
<html xmlns="http://www.w3.org/1999/xhtml" xml:lang="en" lang="en">
 <head>
  <title>
</title>
<meta http-equiv="Content-Type" content="text/html;charset=utf-8" />
  <meta name='ocr-system' content='tesseract 3.04.00' />
  <meta name='ocr-capabilities' content='ocr_page ocr_carea ocr_par ocr_line ocrx_word'/>
</head>
<body>
  <div class='ocr_page' id='page_1' title='image "./tlucreticarider01kelsgoog_0248.png"; bbox 0 0 2792 4025; ppageno 0'>
   <div class='ocr_carea' id='block_1_1' title="bbox 266 263 1165 345">
    <p class='ocr_par' dir='ltr' id='par_1_1' title="bbox 266 263 1165 345">
     <span class='ocr_line' id='line_1_1' title="bbox 266 263 1165 345; baseline 0.006 -22"><span class='ocrx_word' id='word_1_1' title='bbox 266 263 327 339; x_wconf 85' lang='lat'>184</span> <span class='ocrx_word' id='word_1_2' title='bbox 592 272 824 327; x_wconf 70' lang='lat' dir='ltr'>incitemus</span> <span class='ocrx_word' id='word_1_3' title='bbox 1098 274 1165 345; x_wconf 75' lang='lat' dir='ltr'>[vi</span> 
     </span>
    </p>
   </div>
   <div class='ocr_carea' id='block_1_2' title="bbox 209 433 1165 3582">
    <p class='ocr_par' dir='ltr' id='par_1_2' title="bbox 259 433 1165 953">
     <span class='ocr_line' id='line_1_2' title="bbox 260 433 1062 511; baseline 0 -17"><span class='ocrx_word' id='word_1_4' title='bbox 260 435 292 494; x_wconf 95' lang='lat' dir='ltr'>id</span> <span class='ocrx_word' id='word_1_5' title='bbox 305 436 374 493; x_wconf 91' lang='lat' dir='ltr'>licet</span> <span class='ocrx_word' id='word_1_6' title='bbox 388 434 457 493; x_wconf 93' lang='lat' dir='ltr'>hinc</span> <span class='ocrx_word' id='word_1_7' title='bbox 470 435 559 493; x_wconf 90' lang='lat' dir='ltr'>etiam</span> <span class='ocrx_word' id='word_1_8' title='bbox 573 452 772 509; x_wconf 84' lang='lat' dir='ltr'>cognoscere:</span> <span class='ocrx_word' id='word_1_9' title='bbox 794 433 919 493; x_wconf 88' lang='lat' dir='ltr'>caedere</span> <span class='ocrx_word' id='word_1_10' title='bbox 934 435 958 493; x_wconf 92' lang='lat' dir='ltr'>si</span> <span class='ocrx_word' id='word_1_11' title='bbox 972 453 1062 511; x_wconf 90' lang='lat' dir='ltr'>quem</span> 
     </span>
     <span class='ocr_line' id='line_1_3' title="bbox 260 525 964 602; baseline 0 -19"><span class='ocrx_word' id='word_1_12' title='bbox 260 527 380 602; x_wconf 90' lang='lat' dir='ltr'>ancipiti</span> <span class='ocrx_word' id='word_1_13' title='bbox 393 526 493 584; x_wconf 88' lang='lat' dir='ltr'>videas</span> <span class='ocrx_word' id='word_1_14' title='bbox 507 526 583 583; x_wconf 88' lang='lat' dir='ltr'>ferro</span> <span class='ocrx_word' id='word_1_15' title='bbox 596 525 699 600; x_wconf 89' lang='lat' dir='ltr'>procul</span> <span class='ocrx_word' id='word_1_16' title='bbox 712 526 821 583; x_wconf 89' lang='lat' dir='ltr'>arboris</span> <span class='ocrx_word' id='word_1_17' title='bbox 835 534 964 595; x_wconf 89' lang='lat' dir='ltr'>auctum,</span> 
     </span>
     <span class='ocr_line' id='line_1_4' title="bbox 259 615 997 690; baseline -0.001 -16"><span class='ocrx_word' id='word_1_18' title='bbox 259 628 327 674; x_wconf 91' lang='lat' dir='ltr'>ante</span> <span class='ocrx_word' id='word_1_19' title='bbox 341 617 374 675; x_wconf 89' lang='lat' dir='ltr'>fit</span> <span class='ocrx_word' id='word_1_20' title='bbox 388 626 420 674; x_wconf 94' lang='lat' dir='ltr'>ut</span> <span class='ocrx_word' id='word_1_21' title='bbox 434 634 536 673; x_wconf 90' lang='lat' dir='ltr'>cemas</span> <span class='ocrx_word' id='word_1_22' title='bbox 550 616 640 674; x_wconf 90' lang='lat' dir='ltr'>ictum</span> <span class='ocrx_word' id='word_1_23' title='bbox 654 633 743 689; x_wconf 92' lang='lat' dir='ltr'>quam</span> <span class='ocrx_word' id='word_1_24' title='bbox 757 615 842 690; x_wconf 87' lang='lat' dir='ltr'>plaga</span> <span class='ocrx_word' id='word_1_25' title='bbox 855 633 908 690; x_wconf 90' lang='lat' dir='ltr'>per</span> <span class='ocrx_word' id='word_1_26' title='bbox 921 615 997 673; x_wconf 88' lang='lat' dir='ltr'>auris</span> 
     </span>
     <span class='ocr_line' id='line_1_5' title="bbox 260 706 1165 781; baseline -0.003 -15"><span class='ocrx_word' id='word_1_27' title='bbox 260 706 312 765; x_wconf 90' lang='lat' dir='ltr'>det</span> <span class='ocrx_word' id='word_1_28' title='bbox 325 708 472 779; x_wconf 90' lang='lat' dir='ltr'>sonitum;</span> <span class='ocrx_word' id='word_1_29' title='bbox 493 707 535 764; x_wconf 92' lang='lat' dir='ltr'>sic</span> <span class='ocrx_word' id='word_1_30' title='bbox 549 707 690 781; x_wconf 85' lang='lat' dir='ltr'>fulgorem</span> <span class='ocrx_word' id='word_1_31' title='bbox 705 722 823 780; x_wconf 90' lang='lat' dir='ltr'>quoque</span> <span class='ocrx_word' id='word_1_32' title='bbox 838 706 983 763; x_wconf 88' lang='lat' dir='ltr'>ceruimus</span> <span class='ocrx_word' id='word_1_33' title='bbox 997 714 1064 763; x_wconf 92' lang='lat' dir='ltr'>ante</span> <span class='ocrx_word' id='word_1_34' title='bbox 1118 725 1165 771; x_wconf 84' lang='lat'>170</span> 
     </span>
     <span class='ocr_line' id='line_1_6' title="bbox 260 795 1077 872; baseline 0 -19"><span class='ocrx_word' id='word_1_35' title='bbox 260 816 348 872; x_wconf 91' lang='lat' dir='ltr'>quam</span> <span class='ocrx_word' id='word_1_36' title='bbox 362 798 500 855; x_wconf 88' lang='lat' dir='ltr'>tonitrum</span> <span class='ocrx_word' id='word_1_37' title='bbox 515 797 685 871; x_wconf 89' lang='lat' dir='ltr'>accipimus,</span> <span class='ocrx_word' id='word_1_38' title='bbox 700 797 806 870; x_wconf 83' lang='lat' dir='ltr'>pariter</span> <span class='ocrx_word' id='word_1_39' title='bbox 820 796 871 869; x_wconf 93' lang='lat' dir='ltr'>qui</span> <span class='ocrx_word' id='word_1_40' title='bbox 884 797 1005 853; x_wconf 81' lang='lat' dir='ltr'>mittitur</span> <span class='ocrx_word' id='word_1_41' title='bbox 1018 795 1077 871; x_wconf 88' lang='lat' dir='ltr'>igni</span> 
     </span>
     <span class='ocr_line' id='line_1_7' title="bbox 259 885 872 953; baseline -0.005 -8"><span class='ocrx_word' id='word_1_42' title='bbox 259 905 276 945; x_wconf 90' lang='lat' dir='ltr'>e</span> <span class='ocrx_word' id='word_1_43' title='bbox 291 887 376 945; x_wconf 90' lang='lat' dir='ltr'>simili</span> <span class='ocrx_word' id='word_1_44' title='bbox 389 905 485 953; x_wconf 84' lang='lat' dir='ltr'>causa,</span> <span class='ocrx_word' id='word_1_45' title='bbox 499 904 644 944; x_wconf 88' lang='lat' dir='ltr'>concursu</span> <span class='ocrx_word' id='word_1_46' title='bbox 658 895 743 944; x_wconf 90' lang='lat' dir='ltr'>natus</span> <span class='ocrx_word' id='word_1_47' title='bbox 757 885 872 944; x_wconf 91' lang='lat' dir='ltr'>eodem.</span> 
     </span>
    </p>

    <p class='ocr_par' dir='ltr' id='par_1_3' title="bbox 209 976 1164 3582">
     <span class='ocr_line' id='line_1_8' title="bbox 300 976 1031 1052; baseline -0.003 -17"><span class='ocrx_word' id='word_1_48' title='bbox 300 978 371 1035; x_wconf 92' lang='lat' dir='ltr'>Hoc</span> <span class='ocrx_word' id='word_1_49' title='bbox 385 978 473 1035; x_wconf 91' lang='lat' dir='ltr'>etiam</span> <span class='ocrx_word' id='word_1_50' title='bbox 487 987 575 1052; x_wconf 92' lang='lat' dir='ltr'>pacto</span> <span class='ocrx_word' id='word_1_51' title='bbox 588 977 699 1034; x_wconf 91' lang='lat' dir='ltr'>volucri</span> <span class='ocrx_word' id='word_1_52' title='bbox 712 976 778 1034; x_wconf 90' lang='lat' dir='ltr'>loca</span> <span class='ocrx_word' id='word_1_53' title='bbox 791 976 901 1034; x_wconf 91' lang='lat' dir='ltr'>lumine</span> <span class='ocrx_word' id='word_1_54' title='bbox 916 976 1031 1051; x_wconf 89' lang='lat' dir='ltr'>tingunt</span> 
     </span>
     <span class='ocr_line' id='line_1_9' title="bbox 258 1066 933 1141; baseline 0.001 -17"><span class='ocrx_word' id='word_1_55' title='bbox 258 1068 352 1125; x_wconf 91' lang='lat' dir='ltr'>nubes</span> <span class='ocrx_word' id='word_1_56' title='bbox 366 1076 395 1125; x_wconf 91' lang='lat' dir='ltr'>et</span> <span class='ocrx_word' id='word_1_57' title='bbox 409 1067 533 1125; x_wconf 89' lang='lat' dir='ltr'>tremulo</span> <span class='ocrx_word' id='word_1_58' title='bbox 547 1076 705 1141; x_wconf 88' lang='lat' dir='ltr'>tempestas</span> <span class='ocrx_word' id='word_1_59' title='bbox 718 1066 828 1141; x_wconf 91' lang='lat' dir='ltr'>impete</span> <span class='ocrx_word' id='word_1_60' title='bbox 842 1067 933 1141; x_wconf 84' lang='lat' dir='ltr'>fulgit.</span> 
     </span>
     <span class='ocr_line' id='line_1_10' title="bbox 257 1156 1162 1228; baseline -0.001 -14"><span class='ocrx_word' id='word_1_61' title='bbox 257 1168 362 1216; x_wconf 87' lang='lat' dir='ltr'>ventus</span> <span class='ocrx_word' id='word_1_62' title='bbox 375 1158 426 1215; x_wconf 93' lang='lat' dir='ltr'>ubi</span> <span class='ocrx_word' id='word_1_63' title='bbox 440 1158 544 1215; x_wconf 89' lang='lat' dir='ltr'>invasit</span> <span class='ocrx_word' id='word_1_64' title='bbox 556 1158 666 1216; x_wconf 90' lang='lat' dir='ltr'>nubem</span> <span class='ocrx_word' id='word_1_65' title='bbox 680 1168 711 1215; x_wconf 89' lang='lat' dir='ltr'>et</span> <span class='ocrx_word' id='word_1_66' title='bbox 723 1167 852 1215; x_wconf 88' lang='lat' dir='ltr'>versatus</span> <span class='ocrx_word' id='word_1_67' title='bbox 866 1156 977 1217; x_wconf 89' lang='lat' dir='ltr'>ibidem</span> <span class='ocrx_word' id='word_1_68' title='bbox 1116 1178 1145 1223; x_wconf 89' lang='lat'>17</span> <span class='ocrx_word' id='word_1_69' title='bbox 1148 1175 1162 1228; x_wconf 83' lang='lat'><strong>5</strong></span> 
     </span>
     <span class='ocr_line' id='line_1_11' title="bbox 258 1247 996 1322; baseline -0.003 -16"><span class='ocrx_word' id='word_1_70' title='bbox 258 1248 327 1306; x_wconf 90' lang='lat' dir='ltr'>fecit</span> <span class='ocrx_word' id='word_1_71' title='bbox 340 1258 373 1306; x_wconf 92' lang='lat' dir='ltr'>ut</span> <span class='ocrx_word' id='word_1_72' title='bbox 386 1258 454 1306; x_wconf 90' lang='lat' dir='ltr'>ante</span> <span class='ocrx_word' id='word_1_73' title='bbox 469 1266 569 1305; x_wconf 88' lang='lat' dir='ltr'>cavam</span> <span class='ocrx_word' id='word_1_74' title='bbox 584 1247 674 1305; x_wconf 91' lang='lat' dir='ltr'>docui</span> <span class='ocrx_word' id='word_1_75' title='bbox 687 1247 861 1322; x_wconf 88' lang='lat' dir='ltr'>spissescere</span> <span class='ocrx_word' id='word_1_76' title='bbox 875 1247 996 1321; x_wconf 87' lang='lat' dir='ltr'>nubem,</span> 
     </span>
     <span class='ocr_line' id='line_1_12' title="bbox 257 1338 911 1410; baseline -0.003 -13"><span class='ocrx_word' id='word_1_77' title='bbox 257 1339 417 1397; x_wconf 86' lang='lat' dir='ltr'>mobilitate</span> <span class='ocrx_word' id='word_1_78' title='bbox 432 1357 484 1396; x_wconf 92' lang='lat' dir='ltr'>sua</span> <span class='ocrx_word' id='word_1_79' title='bbox 498 1339 650 1410; x_wconf 74' lang='lat' dir='ltr'>fervescit,</span> <span class='ocrx_word' id='word_1_80' title='bbox 671 1348 704 1395; x_wconf 90' lang='lat' dir='ltr'>ut</span> <span class='ocrx_word' id='word_1_81' title='bbox 717 1338 817 1396; x_wconf 89' lang='lat' dir='ltr'>omnia</span> <span class='ocrx_word' id='word_1_82' title='bbox 830 1348 911 1396; x_wconf 90' lang='lat' dir='ltr'>motu</span> 
     </span>
     <span class='ocr_line' id='line_1_13' title="bbox 209 1428 957 1505; baseline -0.001 -17"><span class='ocrx_word' id='word_1_83' title='bbox 209 1469 216 1477; x_wconf 92' lang='lat'><em>-</em></span> <span class='ocrx_word' id='word_1_84' title='bbox 257 1430 452 1505; x_wconf 88' lang='lat' dir='ltr'>percalefacta</span> <span class='ocrx_word' id='word_1_85' title='bbox 463 1428 545 1487; x_wconf 88' lang='lat' dir='ltr'>vides</span> <span class='ocrx_word' id='word_1_86' title='bbox 558 1428 721 1500; x_wconf 88' lang='lat' dir='ltr'>ardescere,</span> <span class='ocrx_word' id='word_1_87' title='bbox 736 1429 875 1503; x_wconf 88' lang='lat' dir='ltr'>plumbea</span> <span class='ocrx_word' id='word_1_88' title='bbox 887 1445 957 1488; x_wconf 92' lang='lat' dir='ltr'>vero</span> 
     </span>
     <span class='ocr_line' id='line_1_14' title="bbox 257 1518 957 1595; baseline -0.004 -17"><span class='ocrx_word' id='word_1_89' title='bbox 257 1520 338 1595; x_wconf 86' lang='lat' dir='ltr'>glans</span> <span class='ocrx_word' id='word_1_90' title='bbox 352 1520 440 1577; x_wconf 90' lang='lat' dir='ltr'>etiam</span> <span class='ocrx_word' id='word_1_91' title='bbox 454 1519 543 1593; x_wconf 87' lang='lat' dir='ltr'>longo</span> <span class='ocrx_word' id='word_1_92' title='bbox 557 1538 643 1576; x_wconf 92' lang='lat' dir='ltr'>cursu</span> <span class='ocrx_word' id='word_1_93' title='bbox 656 1518 802 1576; x_wconf 86' lang='lat' dir='ltr'>volvenda</span> <span class='ocrx_word' id='word_1_94' title='bbox 813 1518 957 1592; x_wconf 65' lang='lat' dir='ltr'>liquescit„</span> 
     </span>
     <span class='ocr_line' id='line_1_15' title="bbox 257 1608 1164 1686; baseline -0.002 -18"><span class='ocrx_word' id='word_1_95' title='bbox 257 1628 328 1686; x_wconf 89' lang='lat' dir='ltr'>ergo</span> <span class='ocrx_word' id='word_1_96' title='bbox 342 1609 469 1668; x_wconf 86' lang='lat' dir='ltr'>fervidus</span> <span class='ocrx_word' id='word_1_97' title='bbox 483 1609 532 1666; x_wconf 95' lang='lat' dir='ltr'>hic</span> <span class='ocrx_word' id='word_1_98' title='bbox 544 1610 652 1667; x_wconf 89' lang='lat' dir='ltr'>nubem</span> <span class='ocrx_word' id='word_1_99' title='bbox 667 1628 737 1666; x_wconf 95' lang='lat' dir='ltr'>cum</span> <span class='ocrx_word' id='word_1_100' title='bbox 750 1608 890 1683; x_wconf 86' lang='lat' dir='ltr'>perscidit</span> <span class='ocrx_word' id='word_1_101' title='bbox 904 1618 1006 1681; x_wconf 85' lang='lat' dir='ltr'>atram,</span> <span class='ocrx_word' id='word_1_102' title='bbox 1116 1617 1164 1667; x_wconf 86' lang='lat'>180</span> 
     </span>
     <span class='ocr_line' id='line_1_16' title="bbox 258 1699 1023 1775; baseline -0.003 -18"><span class='ocrx_word' id='word_1_103' title='bbox 258 1700 379 1775; x_wconf 89' lang='lat' dir='ltr'>dissipat</span> <span class='ocrx_word' id='word_1_104' title='bbox 392 1699 503 1757; x_wconf 85' lang='lat' dir='ltr'>ardoris</span> <span class='ocrx_word' id='word_1_105' title='bbox 517 1700 599 1773; x_wconf 87' lang='lat' dir='ltr'>quasi</span> <span class='ocrx_word' id='word_1_106' title='bbox 612 1717 666 1774; x_wconf 92' lang='lat' dir='ltr'>per</span> <span class='ocrx_word' id='word_1_107' title='bbox 678 1699 737 1757; x_wconf 93' lang='lat' dir='ltr'>vim</span> <span class='ocrx_word' id='word_1_108' title='bbox 752 1717 890 1774; x_wconf 83' lang='lat' dir='ltr'>expressa</span> <span class='ocrx_word' id='word_1_109' title='bbox 902 1709 1023 1773; x_wconf 89' lang='lat' dir='ltr'>repente</span> 
     </span>
     <span class='ocr_line' id='line_1_17' title="bbox 257 1789 1027 1864; baseline 0 -17"><span class='ocrx_word' id='word_1_110' title='bbox 257 1791 371 1848; x_wconf 85' lang='lat' dir='ltr'>semina</span> <span class='ocrx_word' id='word_1_111' title='bbox 384 1807 459 1864; x_wconf 91' lang='lat' dir='ltr'>quae</span> <span class='ocrx_word' id='word_1_112' title='bbox 474 1789 583 1847; x_wconf 84' lang='lat' dir='ltr'>faciunt</span> <span class='ocrx_word' id='word_1_113' title='bbox 596 1789 735 1847; x_wconf 86' lang='lat' dir='ltr'>nictantia</span> <span class='ocrx_word' id='word_1_114' title='bbox 748 1789 860 1863; x_wconf 84' lang='lat' dir='ltr'>fulgura</span> <span class='ocrx_word' id='word_1_115' title='bbox 873 1790 1007 1847; x_wconf 86' lang='lat' dir='ltr'>flammae</span> <span class='ocrx_word' id='word_1_116' title='bbox 1018 1810 1027 1863; x_wconf 90' lang='lat'>;</span> 
     </span>
     <span class='ocr_line' id='line_1_18' title="bbox 256 1878 962 1954; baseline 0.003 -17"><span class='ocrx_word' id='word_1_117' title='bbox 256 1879 326 1937; x_wconf 91' lang='lat' dir='ltr'>inde</span> <span class='ocrx_word' id='word_1_118' title='bbox 341 1898 436 1940; x_wconf 84' lang='lat' dir='ltr'>sonus</span> <span class='ocrx_word' id='word_1_119' title='bbox 443 1880 574 1954; x_wconf 88' lang='lat' dir='ltr'>sequitur</span> <span class='ocrx_word' id='word_1_120' title='bbox 586 1880 637 1954; x_wconf 95' lang='lat' dir='ltr'>qui</span> <span class='ocrx_word' id='word_1_121' title='bbox 650 1878 760 1937; x_wconf 86' lang='lat' dir='ltr'>tardius</span> <span class='ocrx_word' id='word_1_122' title='bbox 773 1878 873 1937; x_wconf 87' lang='lat' dir='ltr'>adficit</span> <span class='ocrx_word' id='word_1_123' title='bbox 887 1881 962 1939; x_wconf 91' lang='lat' dir='ltr'>auris</span> 
     </span>
     <span class='ocr_line' id='line_1_19' title="bbox 256 1968 1087 2046; baseline 0.001 -19"><span class='ocrx_word' id='word_1_124' title='bbox 256 1988 346 2045; x_wconf 89' lang='lat' dir='ltr'>quam</span> <span class='ocrx_word' id='word_1_125' title='bbox 360 1988 435 2045; x_wconf 91' lang='lat' dir='ltr'>quae</span> <span class='ocrx_word' id='word_1_126' title='bbox 449 1970 623 2046; x_wconf 90' lang='lat' dir='ltr'>perveniunt</span> <span class='ocrx_word' id='word_1_127' title='bbox 637 1970 788 2028; x_wconf 90' lang='lat' dir='ltr'>oculorum</span> <span class='ocrx_word' id='word_1_128' title='bbox 803 1968 842 2028; x_wconf 86' lang='lat' dir='ltr'>ad</span> <span class='ocrx_word' id='word_1_129' title='bbox 856 1970 965 2029; x_wconf 89' lang='lat' dir='ltr'>lumina</span> <span class='ocrx_word' id='word_1_130' title='bbox 978 1979 1087 2030; x_wconf 89' lang='lat' dir='ltr'>nostra.</span> 
     </span>
     <span class='ocr_line' id='line_1_20' title="bbox 256 2061 1160 2131; baseline -0.001 -12"><span class='ocrx_word' id='word_1_131' title='bbox 256 2062 367 2119; x_wconf 91' lang='lat' dir='ltr'>scilicet</span> <span class='ocrx_word' id='word_1_132' title='bbox 381 2062 439 2119; x_wconf 92' lang='lat' dir='ltr'>hoc</span> <span class='ocrx_word' id='word_1_133' title='bbox 454 2061 552 2119; x_wconf 92' lang='lat' dir='ltr'>densis</span> <span class='ocrx_word' id='word_1_134' title='bbox 566 2061 599 2119; x_wconf 86' lang='lat' dir='ltr'>lit</span> <span class='ocrx_word' id='word_1_135' title='bbox 612 2062 737 2118; x_wconf 91' lang='lat' dir='ltr'>nubibus</span> <span class='ocrx_word' id='word_1_136' title='bbox 752 2070 781 2118; x_wconf 91' lang='lat' dir='ltr'>et</span> <span class='ocrx_word' id='word_1_137' title='bbox 795 2061 880 2118; x_wconf 93' lang='lat' dir='ltr'>simul</span> <span class='ocrx_word' id='word_1_138' title='bbox 894 2062 949 2120; x_wconf 87' lang='lat' dir='ltr'>alte</span> <span class='ocrx_word' id='word_1_139' title='bbox 1116 2067 1160 2131; x_wconf 79' lang='lat'>185</span> 
     </span>
     <span class='ocr_line' id='line_1_21' title="bbox 256 2151 886 2226; baseline -0.003 -16"><span class='ocrx_word' id='word_1_140' title='bbox 256 2153 393 2210; x_wconf 88' lang='lat' dir='ltr'>extructis</span> <span class='ocrx_word' id='word_1_141' title='bbox 407 2153 470 2210; x_wconf 91' lang='lat' dir='ltr'>aliis</span> <span class='ocrx_word' id='word_1_142' title='bbox 483 2152 553 2210; x_wconf 91' lang='lat' dir='ltr'>alias</span> <span class='ocrx_word' id='word_1_143' title='bbox 567 2169 654 2226; x_wconf 91' lang='lat' dir='ltr'>super</span> <span class='ocrx_word' id='word_1_144' title='bbox 667 2152 777 2226; x_wconf 90' lang='lat' dir='ltr'>impete</span> <span class='ocrx_word' id='word_1_145' title='bbox 792 2151 886 2224; x_wconf 87' lang='lat' dir='ltr'>mir0;</span> 
     </span>
     <span class='ocr_line' id='line_1_22' title="bbox 255 2241 934 2316; baseline -0.001 -15"><span class='ocrx_word' id='word_1_146' title='bbox 255 2261 294 2301; x_wconf 89' lang='lat' dir='ltr'>ne</span> <span class='ocrx_word' id='word_1_147' title='bbox 308 2243 360 2301; x_wconf 88' lang='lat' dir='ltr'>tibi</span> <span class='ocrx_word' id='word_1_148' title='bbox 373 2243 409 2300; x_wconf 92' lang='lat' dir='ltr'>sit</span> <span class='ocrx_word' id='word_1_149' title='bbox 422 2242 498 2300; x_wconf 93' lang='lat' dir='ltr'>frudi</span> <span class='ocrx_word' id='word_1_150' title='bbox 511 2241 592 2316; x_wconf 92' lang='lat' dir='ltr'>quod</span> <span class='ocrx_word' id='word_1_151' title='bbox 607 2261 661 2299; x_wconf 92' lang='lat' dir='ltr'>nos</span> <span class='ocrx_word' id='word_1_152' title='bbox 676 2242 786 2299; x_wconf 90' lang='lat' dir='ltr'>inferne</span> <span class='ocrx_word' id='word_1_153' title='bbox 800 2241 934 2300; x_wconf 81' lang='lat' dir='ltr'>videmus</span> 
     </span>
     <span class='ocr_line' id='line_1_23' title="bbox 255 2332 1159 2408; baseline -0.001 -17"><span class='ocrx_word' id='word_1_154' title='bbox 255 2353 345 2408; x_wconf 89' lang='lat' dir='ltr'>quam</span> <span class='ocrx_word' id='word_1_155' title='bbox 359 2334 415 2391; x_wconf 89' lang='lat' dir='ltr'>sint</span> <span class='ocrx_word' id='word_1_156' title='bbox 428 2334 486 2390; x_wconf 90' lang='lat' dir='ltr'>lata</span> <span class='ocrx_word' id='word_1_157' title='bbox 495 2333 587 2408; x_wconf 89' lang='lat' dir='ltr'>magis</span> <span class='ocrx_word' id='word_1_158' title='bbox 598 2351 685 2407; x_wconf 90' lang='lat' dir='ltr'>quam</span> <span class='ocrx_word' id='word_1_159' title='bbox 701 2351 814 2390; x_wconf 91' lang='lat' dir='ltr'>sursum</span> <span class='ocrx_word' id='word_1_160' title='bbox 825 2343 957 2390; x_wconf 87' lang='lat' dir='ltr'>extructa</span> <span class='ocrx_word' id='word_1_161' title='bbox 965 2332 1036 2408; x_wconf 90' lang='lat' dir='ltr'>quid</span> <span class='ocrx_word' id='word_1_162' title='bbox 1052 2342 1159 2391; x_wconf 86' lang='lat' dir='ltr'>extent.</span> 
     </span>
     <span class='ocr_line' id='line_1_24' title="bbox 255 2423 1005 2499; baseline 0 -17"><span class='ocrx_word' id='word_1_163' title='bbox 255 2424 470 2499; x_wconf 89' lang='lat' dir='ltr'>contemplator</span> <span class='ocrx_word' id='word_1_164' title='bbox 483 2424 572 2494; x_wconf 89' lang='lat' dir='ltr'>enim,</span> <span class='ocrx_word' id='word_1_165' title='bbox 586 2441 655 2479; x_wconf 92' lang='lat' dir='ltr'>cum</span> <span class='ocrx_word' id='word_1_166' title='bbox 669 2423 817 2482; x_wconf 90' lang='lat' dir='ltr'>montibus</span> <span class='ocrx_word' id='word_1_167' title='bbox 831 2423 1005 2482; x_wconf 87' lang='lat' dir='ltr'>adsimulata</span> 
     </span>
     <span class='ocr_line' id='line_1_25' title="bbox 254 2513 1160 2589; baseline -0.004 -17"><span class='ocrx_word' id='word_1_168' title='bbox 254 2514 353 2573; x_wconf 92' lang='lat' dir='ltr'>nubila</span> <span class='ocrx_word' id='word_1_169' title='bbox 366 2513 523 2589; x_wconf 90' lang='lat' dir='ltr'>portabunt</span> <span class='ocrx_word' id='word_1_170' title='bbox 536 2513 615 2570; x_wconf 89' lang='lat' dir='ltr'>venti</span> <span class='ocrx_word' id='word_1_171' title='bbox 629 2523 788 2571; x_wconf 85' lang='lat' dir='ltr'>transversa</span> <span class='ocrx_word' id='word_1_172' title='bbox 802 2532 855 2589; x_wconf 90' lang='lat' dir='ltr'>per</span> <span class='ocrx_word' id='word_1_173' title='bbox 868 2531 960 2583; x_wconf 87' lang='lat' dir='ltr'>auras,</span> <span class='ocrx_word' id='word_1_174' title='bbox 1114 2533 1160 2584; x_wconf 88' lang='lat'>190</span> 
     </span>
     <span class='ocr_line' id='line_1_26' title="bbox 255 2602 979 2678; baseline -0.003 -16"><span class='ocrx_word' id='word_1_175' title='bbox 255 2614 304 2663; x_wconf 89' lang='lat' dir='ltr'>aut</span> <span class='ocrx_word' id='word_1_176' title='bbox 318 2605 367 2662; x_wconf 92' lang='lat' dir='ltr'>ubi</span> <span class='ocrx_word' id='word_1_177' title='bbox 381 2622 435 2678; x_wconf 93' lang='lat' dir='ltr'>per</span> <span class='ocrx_word' id='word_1_178' title='bbox 447 2622 570 2678; x_wconf 89' lang='lat' dir='ltr'>magnos</span> <span class='ocrx_word' id='word_1_179' title='bbox 584 2604 691 2661; x_wconf 90' lang='lat' dir='ltr'>montis</span> <span class='ocrx_word' id='word_1_180' title='bbox 706 2604 853 2661; x_wconf 90' lang='lat' dir='ltr'>cumulata</span> <span class='ocrx_word' id='word_1_181' title='bbox 867 2602 979 2661; x_wconf 91' lang='lat' dir='ltr'>videbis</span> 
     </span>
     <span class='ocr_line' id='line_1_27' title="bbox 253 2693 971 2769; baseline -0.003 -17"><span class='ocrx_word' id='word_1_182' title='bbox 253 2695 373 2769; x_wconf 89' lang='lat' dir='ltr'>insuper</span> <span class='ocrx_word' id='word_1_183' title='bbox 386 2710 450 2752; x_wconf 90' lang='lat' dir='ltr'>esse</span> <span class='ocrx_word' id='word_1_184' title='bbox 464 2694 525 2752; x_wconf 89' lang='lat' dir='ltr'>aliis</span> <span class='ocrx_word' id='word_1_185' title='bbox 538 2693 594 2750; x_wconf 88' lang='lat' dir='ltr'>alia</span> <span class='ocrx_word' id='word_1_186' title='bbox 607 2704 694 2768; x_wconf 90' lang='lat' dir='ltr'>atque</span> <span class='ocrx_word' id='word_1_187' title='bbox 709 2712 838 2768; x_wconf 89' lang='lat' dir='ltr'>urguere</span> <span class='ocrx_word' id='word_1_188' title='bbox 847 2711 971 2768; x_wconf 87' lang='lat' dir='ltr'>superne</span> 
     </span>
     <span class='ocr_line' id='line_1_28' title="bbox 254 2784 934 2860; baseline -0.001 -17"><span class='ocrx_word' id='word_1_189' title='bbox 254 2787 285 2843; x_wconf 91' lang='lat' dir='ltr'>in</span> <span class='ocrx_word' id='word_1_190' title='bbox 298 2786 421 2843; x_wconf 90' lang='lat' dir='ltr'>statione</span> <span class='ocrx_word' id='word_1_191' title='bbox 435 2784 531 2842; x_wconf 86' lang='lat' dir='ltr'>locata</span> <span class='ocrx_word' id='word_1_192' title='bbox 544 2785 663 2860; x_wconf 90' lang='lat' dir='ltr'>sepultis</span> <span class='ocrx_word' id='word_1_193' title='bbox 677 2785 809 2859; x_wconf 90' lang='lat' dir='ltr'>undique</span> <span class='ocrx_word' id='word_1_194' title='bbox 823 2785 934 2842; x_wconf 86' lang='lat' dir='ltr'>ventis:</span> 
     </span>
     <span class='ocr_line' id='line_1_29' title="bbox 254 2876 992 2950; baseline -0.004 -17"><span class='ocrx_word' id='word_1_195' title='bbox 254 2886 316 2933; x_wconf 90' lang='lat' dir='ltr'>tum</span> <span class='ocrx_word' id='word_1_196' title='bbox 331 2876 440 2950; x_wconf 85' lang='lat' dir='ltr'>poteris</span> <span class='ocrx_word' id='word_1_197' title='bbox 454 2893 573 2950; x_wconf 91' lang='lat' dir='ltr'>magnas</span> <span class='ocrx_word' id='word_1_198' title='bbox 587 2876 680 2934; x_wconf 90' lang='lat' dir='ltr'>moles</span> <span class='ocrx_word' id='word_1_199' title='bbox 694 2892 875 2949; x_wconf 88' lang='lat' dir='ltr'>cognoscere</span> <span class='ocrx_word' id='word_1_200' title='bbox 891 2892 992 2931; x_wconf 89' lang='lat' dir='ltr'>eorum</span> 
     </span>
     <span class='ocr_line' id='line_1_30' title="bbox 253 2963 1158 3041; baseline -0.008 -17"><span class='ocrx_word' id='word_1_201' title='bbox 253 2966 466 3041; x_wconf 83' lang='lat' dir='ltr'>speluncasque</span> <span class='ocrx_word' id='word_1_202' title='bbox 479 2966 559 3024; x_wconf 91' lang='lat' dir='ltr'>velut</span> <span class='ocrx_word' id='word_1_203' title='bbox 572 2967 647 3024; x_wconf 85' lang='lat' dir='ltr'>saxis</span> <span class='ocrx_word' id='word_1_204' title='bbox 662 2963 852 3041; x_wconf 88' lang='lat' dir='ltr'>pendentibu&#39;</span> <span class='ocrx_word' id='word_1_205' title='bbox 868 2973 989 3022; x_wconf 87' lang='lat' dir='ltr'>structas</span> <span class='ocrx_word' id='word_1_206' title='bbox 1113 2980 1158 3034; x_wconf 83' lang='lat'>¹95</span> 
     </span>
     <span class='ocr_line' id='line_1_31' title="bbox 254 3057 950 3131; baseline -0.004 -17"><span class='ocrx_word' id='word_1_207' title='bbox 254 3075 383 3128; x_wconf 89' lang='lat' dir='ltr'>cernere,</span> <span class='ocrx_word' id='word_1_208' title='bbox 398 3075 470 3131; x_wconf 90' lang='lat' dir='ltr'>quas</span> <span class='ocrx_word' id='word_1_209' title='bbox 483 3057 563 3115; x_wconf 90' lang='lat' dir='ltr'>venti</span> <span class='ocrx_word' id='word_1_210' title='bbox 577 3075 646 3114; x_wconf 91' lang='lat' dir='ltr'>cum</span> <span class='ocrx_word' id='word_1_211' title='bbox 659 3065 833 3130; x_wconf 89' lang='lat' dir='ltr'>tempestate</span> <span class='ocrx_word' id='word_1_212' title='bbox 849 3065 950 3112; x_wconf 88' lang='lat' dir='ltr'>coorta</span> 
     </span>
     <span class='ocr_line' id='line_1_32' title="bbox 253 3143 1027 3222; baseline -0.006 -18"><span class='ocrx_word' id='word_1_213' title='bbox 253 3148 436 3222; x_wconf 77' lang='lat' dir='ltr'>conpletum,</span> <span class='ocrx_word' id='word_1_214' title='bbox 451 3166 560 3222; x_wconf 87' lang='lat' dir='ltr'>magno</span> <span class='ocrx_word' id='word_1_215' title='bbox 574 3147 761 3221; x_wconf 88' lang='lat' dir='ltr'>indignantur</span> <span class='ocrx_word' id='word_1_216' title='bbox 775 3163 922 3203; x_wconf 89' lang='lat' dir='ltr'>murmure</span> <span class='ocrx_word' id='word_1_217' title='bbox 937 3143 1027 3201; x_wconf 89' lang='lat' dir='ltr'>clausi</span> 
     </span>
     <span class='ocr_line' id='line_1_33' title="bbox 253 3237 1005 3312; baseline -0.005 -17"><span class='ocrx_word' id='word_1_218' title='bbox 253 3238 378 3297; x_wconf 90' lang='lat' dir='ltr'>nubibus</span> <span class='ocrx_word' id='word_1_219' title='bbox 393 3239 422 3295; x_wconf 92' lang='lat' dir='ltr'>in</span> <span class='ocrx_word' id='word_1_220' title='bbox 436 3239 591 3312; x_wconf 91' lang='lat' dir='ltr'>caveisque</span> <span class='ocrx_word' id='word_1_221' title='bbox 606 3238 729 3294; x_wconf 87' lang='lat' dir='ltr'>ferarum</span> <span class='ocrx_word' id='word_1_222' title='bbox 744 3255 826 3294; x_wconf 88' lang='lat' dir='ltr'>more</span> <span class='ocrx_word' id='word_1_223' title='bbox 840 3237 1005 3306; x_wconf 58' lang='lat' dir='ltr'>minantum</span> 
     </span>
     <span class='ocr_line' id='line_1_34' title="bbox 253 3325 1054 3401; baseline -0.006 -15"><span class='ocrx_word' id='word_1_224' title='bbox 253 3348 331 3387; x_wconf 93' lang='lat' dir='ltr'>nunc</span> <span class='ocrx_word' id='word_1_225' title='bbox 345 3329 414 3386; x_wconf 87' lang='lat' dir='ltr'>hinc</span> <span class='ocrx_word' id='word_1_226' title='bbox 428 3347 508 3386; x_wconf 92' lang='lat' dir='ltr'>nunc</span> <span class='ocrx_word' id='word_1_227' title='bbox 522 3328 600 3386; x_wconf 93' lang='lat' dir='ltr'>illinc</span> <span class='ocrx_word' id='word_1_228' title='bbox 614 3328 744 3384; x_wconf 91' lang='lat' dir='ltr'>fremitus</span> <span class='ocrx_word' id='word_1_229' title='bbox 758 3344 811 3401; x_wconf 91' lang='lat' dir='ltr'>per</span> <span class='ocrx_word' id='word_1_230' title='bbox 824 3326 923 3385; x_wconf 90' lang='lat' dir='ltr'>nubila</span> <span class='ocrx_word' id='word_1_231' title='bbox 936 3325 1054 3382; x_wconf 88' lang='lat' dir='ltr'>mittunt</span> 
     </span>
     <span class='ocr_line' id='line_1_35' title="bbox 253 3415 1160 3495; baseline -0.01 -18"><span class='ocrx_word' id='word_1_232' title='bbox 253 3430 484 3495; x_wconf 89' lang='lat' dir='ltr'>quaerentesque</span> <span class='ocrx_word' id='word_1_233' title='bbox 497 3419 574 3475; x_wconf 91' lang='lat' dir='ltr'>viam</span> <span class='ocrx_word' id='word_1_234' title='bbox 589 3418 699 3474; x_wconf 91' lang='lat' dir='ltr'>circum</span> <span class='ocrx_word' id='word_1_235' title='bbox 712 3426 861 3474; x_wconf 88' lang='lat' dir='ltr'>versantur</span> <span class='ocrx_word' id='word_1_236' title='bbox 874 3425 904 3474; x_wconf 90' lang='lat' dir='ltr'>et</span> <span class='ocrx_word' id='word_1_237' title='bbox 917 3415 990 3491; x_wconf 89' lang='lat' dir='ltr'>ignis</span> <span class='ocrx_word' id='word_1_238' title='bbox 1113 3433 1160 3469; x_wconf 66' lang='grc' dir='ltr'>τοο</span> 
     </span>
     <span class='ocr_line' id='line_1_36' title="bbox 253 3507 1008 3582; baseline -0.008 -13"><span class='ocrx_word' id='word_1_239' title='bbox 253 3511 366 3569; x_wconf 88' lang='lat' dir='ltr'>semina</span> <span class='ocrx_word' id='word_1_240' title='bbox 378 3508 557 3567; x_wconf 86' lang='lat' dir='ltr'>convolvrmt</span> <span class='ocrx_word' id='word_1_241' title='bbox 571 3525 587 3564; x_wconf 92' lang='lat' dir='ltr'>e</span> <span class='ocrx_word' id='word_1_242' title='bbox 601 3507 727 3565; x_wconf 92' lang='lat' dir='ltr'>nubibus</span> <span class='ocrx_word' id='word_1_243' title='bbox 741 3515 829 3581; x_wconf 88' lang='lat' dir='ltr'>atque</span> <span class='ocrx_word' id='word_1_244' title='bbox 844 3507 883 3564; x_wconf 91' lang='lat' dir='ltr'>ita</span> <span class='ocrx_word' id='word_1_245' title='bbox 898 3515 1008 3582; x_wconf 90' lang='lat' dir='ltr'>cogunt</span> 
     </span>
    </p>
   </div>
   <div class='ocr_carea' id='block_1_3' title="bbox 0 0 1400 4025">
    <p class='ocr_par' dir='ltr' id='par_1_4' title="bbox 0 0 1400 4025">
     <span class='ocr_line' id='line_1_37' title="bbox 0 0 1400 4025; baseline 0 3"><span class='ocrx_word' id='word_1_246' title='bbox 0 0 1400 4025; x_wconf 95' lang='lat' dir='ltr'> </span> 
     </span>
    </p>
   </div>
  </div>
 </body>
</html>
