2792 4025
244 258 283 327 1.]
481 257 536 309 nu
562 256 709 310 RERUM
736 255 909 308 NATURA
1103 256 1142 319 23
1164 276 1167 280 »

240 424 329 491 atque
343 415 374 473 in
388 433 437 473 eas
451 433 561 472 rursum
576 412 623 471 res
637 414 736 472 omnia
749 413 956 485 dissoluuntur,

240 507 291 581 qui
305 506 396 581 magis
410 505 457 563 illa
470 513 582 580 queunt
595 523 690 562 rerum
705 503 865 579 primordia
878 502 938 561 dici
1097 511 1143 576 765

241 615 330 671 quarn
341 606 443 653 contra
456 614 501 653 res
516 596 629 653 illorum
643 605 779 668 retroque
793 595 910 669 putari?

240 687 358 745 alternis
371 686 528 762 gignuntur
542 686 621 743 enirn
636 694 808 758 mutantque
823 685 953 743 colorem

240 788 270 836 et
284 787 375 836 totam
389 777 466 834 inter
478 794 509 834 se
524 785 656 833 naturam
670 784 804 850 tempore
818 776 856 835 ab
870 776 960 836 omni.

240 868 284 926 siu
299 868 339 925 ita
351 867 424 925 forte
438 878 523 941 putas
537 867 610 941 ignis
625 876 776 940 terraeque
791 868 869 925 coire

240 976 346 1033 corpus
361 967 391 1015 et
405 957 496 1015 aerias
511 975 593 1014 auras
607 974 764 1031 roremque
778 957 905 1032 liquoris,

239 1049 280 1107 nil
295 1049 324 1106 in
338 1048 464 1106 concilio
478 1056 610 1105 naturam
624 1054 657 1104 ut
671 1057 765 1106 mutet
778 1066 888 1121 eorum,

239 1140 318 1197 nulla
331 1138 383 1197 tibi
397 1139 500 1195 exiliis
514 1137 622 1213 poterit
635 1155 681 1196 res
695 1156 759 1197 esse
774 1148 880 1209 creata,

240 1248 301 1288 nou
315 1230 456 1301 animans,
470 1246 532 1286 non
543 1228 679 1287 exanimo
694 1248 762 1287 cum
776 1246 909 1304 corpore,
924 1238 957 1287 ut
970 1229 1075 1301 arbos;

241 1322 350 1396 quippe
365 1338 447 1377 suam
463 1318 590 1393 quicque
606 1320 636 1377 in
649 1329 737 1377 coetu
750 1320 886 1378 variantis
900 1320 996 1378 acervi
1098 1337 1143 1389 775

240 1420 370 1468 naturam
386 1407 524 1467 ostendet
538 1410 702 1484 mixtusque
716 1409 862 1468 videbitur
874 1410 925 1468 aer

241 1520 309 1559 cum
324 1510 399 1559 terra
412 1500 497 1558 simul
511 1509 599 1576 atque
614 1500 700 1558 ardor
713 1519 781 1559 cum
794 1519 859 1559 rore
874 1518 1002 1559 manere.

240 1602 271 1650 at
283 1589 443 1666 primordia
456 1590 611 1667 gignundis
625 1592 656 1648 in
668 1592 756 1649 rebus
769 1599 886 1665 oportet

240 1692 372 1740 naturam
387 1681 598 1740 clandestinam
612 1700 792 1757 caecamque
806 1681 956 1755 adhibere,

240 1774 368 1831 emineat
382 1772 493 1847 nequid
507 1772 589 1847 quod
603 1782 706 1830 contra
718 1782 830 1847 pugnet
843 1782 874 1830 et
887 1773 984 1830 obstet
1099 1777 1146 1836 780

241 1864 397 1939 quominus
412 1882 475 1922 esse
490 1872 578 1937 queat
591 1863 708 1938 proprie
722 1862 933 1937 quodcumque
948 1870 1069 1921 creatur.

236 2001 239 2034 Α
282 1955 362 2029 Quin
377 1954 465 2012 etiarn
478 1963 614 2030 repetunt
628 1972 646 2011 a
658 1954 743 2011 caelo
756 1962 844 2028 atque
860 1953 974 2028 ignibus
989 1953 1051 2010 eius

227 2092 228 2103 ,
242 2056 272 2104 et
284 2047 410 2121 primurn
423 2046 533 2103 faciunt
546 2046 643 2121 ignem
657 2063 689 2102 se
703 2054 814 2102 vertere
829 2044 859 2101 in
872 2062 956 2102 auras

219 2135 222 2151 '
241 2137 323 2209 aeris
339 2137 407 2195 hinc
420 2137 544 2195 imbrem
558 2134 637 2211 gigni
650 2144 815 2209 terramque
830 2134 920 2192 creari

242 2247 279 2286 ex
292 2228 377 2286 imbri
390 2238 526 2301 retroque
541 2245 558 2283 a
572 2237 647 2284 terra
660 2234 769 2282 cuncta
781 2224 895 2294 reverti,
1099 2231 1144 2294 785

242 2321 374 2377 umorem
389 2319 523 2393 primum,
539 2323 606 2392 p'ost
620 2317 695 2386 abra,
711 2314 821 2372 deinde
835 2314 973 2385 calorem,

242 2427 298 2466 nec
313 2427 425 2467 cessare
440 2408 513 2465 haec
528 2409 602 2465 inter
616 2423 648 2464 se
660 2416 781 2476 mutare,
797 2423 894 2462 meare

242 2518 260 2557 a
274 2500 356 2558 caelo
371 2499 409 2556 ad
423 2509 536 2569 terram,
552 2496 590 2554 de
604 2506 680 2555 terra
693 2496 733 2553 ad
747 2495 843 2553 sidera
856 2494 970 2553 mundi.

243 2590 325 2665 quod
338 2590 433 2647 facere
447 2587 527 2646 haud
540 2588 599 2645 ullo
613 2587 724 2645 debent
737 2585 897 2661 primordia
910 2595 998 2660 pacto
1008 2606 1018 2660 3

253 2680 421 2739 mmutabile
436 2679 515 2736 enim
529 2677 671 2752 quiddam
684 2695 821 2752 superare
835 2687 994 2749 necessest,
1100 2698 1148 2749 790

209 2681 280 2862 bibe
293 2789 339 2829 res
353 2769 392 2827 ad
406 2770 498 2826 nilum
511 2768 679 2843 redigantur
691 2767 822 2826 funditus
836 2784 949 2826 omnes.

242 2880 311 2919 nam
326 2860 535 2935 quodcumque
550 2859 608 2916 suis
622 2867 765 2916 mutatum
781 2857 888 2916 finibus
902 2859 970 2930 exit,

243 2953 383 3010 continuo
398 2951 455 3009 hoc
470 2968 548 3008 mors
562 2958 606 3007 est
621 2949 694 3006 illius
708 2947 790 3022 quod
804 2949 858 3005 fuit
871 2957 946 3006 ante.

243 3051 421 3116 quapropter
434 3040 575 3114 quoniam
589 3057 665 3113 quae
679 3039 767 3113 paulo
782 3037 908 3096 diximus
922 3048 990 3097 ante

244 3133 274 3191 in
288 3142 503 3191 commutatum
517 3131 647 3201 veniunt,
662 3139 796 3186 constare
810 3139 960 3187 necessest
1102 3149 1148 3202 795

244 3242 280 3280 ex
294 3223 355 3280 aliis
370 3240 414 3293 ea,
426 3239 501 3295 quae
515 3228 664 3294 nequeant
678 3219 842 3277 convertier
855 3237 990 3293 usquam,

242 3331 281 3371 ne
295 3312 348 3372 tibi
361 3331 407 3371 res
420 3311 542 3370 redeant
555 3309 594 3369 ad
607 3310 698 3369 nilum
712 3309 842 3369 funditus
856 3328 969 3368 omnes.

243 3405 315 3480 quin
328 3403 426 3479 potius
440 3403 489 3460 tali
503 3411 604 3459 natura
617 3399 751 3476 praedita
765 3399 912 3475 quaedam

244 3513 368 3570 corpora
382 3493 550 3564 constituas,
565 3492 663 3567 iguem
677 3492 703 3549 si
716 3492 790 3550 forte
804 3491 937 3561 crearint,
