2792 4025
242 241 284 318 48
381 249 383 254 ·
562 247 793 302 suesanus
1097 248 1143 316 tu

244 429 346 487 aspera
360 428 451 485 quom
465 410 556 484 magis
570 409 600 466 in
614 410 695 466 terris
710 409 879 467 haerescere
892 410 1014 485 possint

285 501 375 576 Quod
390 501 529 575 quoniam
543 498 640 571 docui,
656 517 775 574 pergam
789 510 946 559 conectere
959 519 1021 559 rem
1037 520 1113 576 quae

245 611 282 650 ex
296 592 353 650 hoc
367 603 435 667 apta
449 591 538 648 fidem
554 590 650 662 ducat,
666 589 825 665 primordia
837 609 935 648 rerum

244 684 325 740 finita
338 682 446 740 variare
461 681 615 755 figurarum
629 681 751 737 ratione.
1099 690 1149 750 480

245 771 327 848 quod
342 773 365 830 si
379 790 440 829 non
454 771 493 828 ita
506 771 551 840 sit,
563 789 674 850 mrsum
689 771 748 827 iam
761 770 873 828 semina
887 770 1035 846 quaedam

246 881 309 921 esse
324 863 437 920 infinito
452 861 603 919 debebunt
617 860 748 935 corporis
761 871 859 918 auctu.

245 971 374 1027 namque
389 953 419 1009 in
433 950 549 1022 eodem,
564 970 623 1008 una
636 951 762 1008 cuiusvis
776 951 806 1008 in
821 951 961 1010 brevitate

246 1043 376 1118 corporis
390 1044 464 1100 inter
478 1060 509 1100 se
524 1042 646 1098 multum
660 1041 769 1098 variare
784 1040 892 1115 figurae

245 1153 307 1194 non
321 1144 461 1210 possunt:
484 1135 529 1191 lac
544 1134 623 1191 enim
637 1133 763 1190 minimis
778 1150 795 1190 e
809 1133 938 1207 partibus
953 1152 1016 1192 esse
1100 1142 1148 1204 485

247 1243 370 1301 corpora
384 1225 477 1300 prima
490 1224 589 1295 tribus,
603 1223 649 1280 vel
663 1223 751 1298 paulo
766 1223 894 1298 pluribus
908 1243 1002 1299 auge3

246 1334 355 1391 nempe
369 1316 420 1373 ubi
434 1333 483 1372 eas
497 1315 585 1388 partis
599 1314 684 1371 unius
698 1314 829 1388 corporis
843 1315 948 1386 omnis,

247 1425 362 1465 summa
375 1416 462 1480 atque
477 1405 536 1462 ima
549 1404 658 1477 locans,
673 1413 866 1462 transmutans
881 1403 1001 1463 dextera
1014 1405 1110 1476 laevis,

248 1496 426 1555 omnimodis
441 1505 576 1570 expertus
591 1495 655 1566 eris,
670 1513 760 1568 quam
774 1494 898 1570 quisque
912 1495 963 1554 det
977 1495 1052 1554 ordo

248 1587 352 1645 formai
367 1586 497 1661 speciem
510 1585 597 1643 totins
612 1585 743 1659 corporis
757 1585 827 1656 eius,
1102 1605 1152 1656 490

249 1676 331 1752 quod
346 1684 486 1752 superest,
501 1675 525 1733 si
540 1675 613 1733 sorte
628 1676 708 1732 voles
720 1675 830 1732 variare
843 1675 958 1750 figuras,

248 1766 421 1825 addendum
434 1766 523 1841 partis
537 1765 605 1822 alias
620 1765 682 1836 erit,
697 1763 767 1822 inde
782 1777 928 1840 sequetur,

249 1857 375 1916 adsimili
389 1857 500 1913 ratione
514 1856 583 1913 alias
596 1864 629 1912 ut
642 1856 770 1930 postulet
784 1855 869 1929 ordo,

250 1948 274 2005 si
288 1957 319 2004 tn
333 1948 405 2004 sorte
420 1946 499 2004 voles
514 1947 601 2003 etiam
614 1946 722 2003 variare
735 1946 850 2021 figuras.

250 2057 319 2113 ergo
334 2038 490 2096 formarum
505 2036 662 2094 novitatem
677 2037 807 2111 corporis
821 2056 948 2113 augmen

250 2128 442 2202 subsequitur.
464 2145 553 2201 quare
567 2136 685 2184 nonest
700 2136 732 2184 ut
745 2126 864 2186 credere
878 2129 973 2204 possis

250 2237 314 2277 esse
328 2218 446 2276 infinitis
460 2217 596 2274 distantia
609 2218 721 2274 semina
735 2217 843 2288 sormin,

249 2330 288 2369 ne
302 2310 448 2386 quaedam
462 2328 550 2384 cogas
565 2310 674 2367 inmani
689 2310 867 2369 maximitate

251 2420 323 2473 esse,
339 2419 425 2475 supra
439 2399 520 2475 quod
535 2400 592 2458 iam
607 2399 696 2458 docui
710 2419 771 2458 non
787 2418 874 2475 posse
888 2402 1013 2476 probari.

249 2492 308 2549 iam
322 2492 375 2549 tibi
388 2491 555 2549 barbaricae
569 2501 663 2548 vestes
679 2491 886 2566 Meliboeaque
900 2493 1012 2567 fulgens

250 2600 377 2658 purpura
390 2581 558 2639 Thessalico
573 2582 754 2639 concharum
768 2591 846 2639 tacta
860 2583 967 2655 colore,

250 2780 338 2820 aurea
351 2780 500 2837 pavonum
513 2760 620 2819 ridenti
635 2762 748 2820 imbuta
761 2762 861 2837 lepore

251 2851 354 2923 saecla,
368 2870 446 2909 novo
461 2870 557 2909 rerum
571 2861 708 2927 superata
721 2853 819 2909 colore
834 2852 963 2910 iacerent

251 2952 281 3001 et
296 2952 482 3017 contemptus
497 2942 573 3001 odor
586 2960 721 3018 smyrnae
736 2942 886 3017 mellisque
901 2961 1020 3017 sapores

251 3042 282 3091 et
296 3051 406 3108 cycnea
420 3034 496 3091 mele
512 3033 709 3107 Phoebeaque
724 3031 848 3090 daedala
861 3033 978 3092 chordis

251 3123 380 3181 cannina
394 3124 540 3181 consimili
554 3124 665 3181 ratione
680 3140 820 3198 oppressa
833 3123 968 3195 silerent;

251 3232 378 3289 namque
393 3215 455 3272 aliis
470 3212 548 3272 aliud
562 3213 755 3288 praestantius
770 3224 944 3272 exureretur.

251 3303 359 3363 cedere
373 3306 444 3363 item
459 3313 535 3362 retro
550 3311 671 3379 possent
684 3304 715 3360 in
729 3302 888 3363 deteriores

251 3395 351 3454 omnia
364 3396 405 3453 sic
419 3394 517 3471 partis
531 3404 564 3452 ut
578 3393 704 3451 diximus
718 3393 748 3451 in
762 3394 906 3468 melioris3

250 3504 380 3561 namque
394 3485 455 3546 aliis
469 3484 548 3543 aliud
562 3494 639 3543 retro
653 3502 772 3559 quoque
787 3486 904 3544 taetrius
918 3496 995 3545 esset
