2792 4025
223 271 280 341 11.]
464 272 520 324 DE
546 272 691 326 RERUM
718 272 890 327 NATURA
1087 274 1127 341 53

221 451 278 491 nec
291 434 368 492 bene
382 433 545 508 promeritis
560 433 674 506 capitur
687 451 785 508 neque
799 435 926 509 tangitur
940 435 991 493 ira.

221 523 269 582 hic
284 524 373 598 siquis
388 541 467 580 mare
483 524 655 598 Neptunum
672 525 869 599 Cereremque
883 543 989 584 vocare

221 615 371 672 constituit
384 615 480 688 fruges
494 623 524 671 et
538 613 647 671 Bacchi
661 615 783 672 nomine
797 615 877 673 abuti

221 705 330 763 mavolt
344 723 432 780 quam
446 704 537 762 laticis
551 705 702 778 proprium
716 705 843 779 proferre
858 723 1012 777 vocamen,

221 794 422 853 concedamus
436 804 468 850 ut
482 793 529 851 hic
544 803 683 851 terrarum
698 793 812 853 dictitet
825 797 929 853 orbem
1076 803 1124 868 655

221 903 285 943 esse
300 885 390 942 deum
404 894 536 954 matrem,
552 883 623 941 dum
636 902 706 942 vera
718 903 749 942 re
764 896 863 943 tamen
877 887 940 960 ipse

221 976 360 1050 religione
374 974 503 1031 animum
518 976 594 1048 turpi
608 974 777 1050 contingere
792 986 901 1051 parcat.

220 1075 296 1124 terra
309 1063 428 1141 quidem
443 1083 512 1122 vero
527 1064 701 1122 caretomni
714 1075 847 1139 ternpore
861 1085 958 1139 sensu,

222 1167 251 1214 et
266 1157 335 1230 quia
348 1156 503 1212 multarum
517 1155 626 1229 potitur
639 1155 799 1229 primordia
812 1173 917 1231 rerum,

221 1247 312 1305 multa
326 1246 422 1304 modis
436 1245 533 1302 multis
549 1245 630 1302 effert
644 1246 674 1302 in
688 1245 797 1303 lumina
812 1247 888 1305 solis.
1076 1255 1127 1305 660

158 1335 161 1338 ’
262 1339 354 1411 Saepe
370 1337 466 1410 itaque
482 1354 519 1394 ex
532 1354 592 1393 uno
607 1335 764 1393 tondentes
778 1337 910 1410 gramina
922 1355 1030 1412 campo

221 1427 365 1503 lanigerae
380 1425 511 1502 pecudes
526 1436 556 1483 et
570 1444 713 1500 equorum
727 1425 852 1484 duellica
865 1428 961 1502 proles

220 1518 414 1591 buceriaeque
429 1534 530 1592 greges
545 1516 652 1574 eodem
667 1517 865 1591 subtegmine
882 1518 955 1576 caeli

221 1627 258 1666 ex
271 1626 390 1682 unoque
406 1608 482 1665 sitim
496 1606 632 1664 sedantes
646 1607 765 1664 flumine
781 1607 868 1682 aquai

221 1698 350 1756 dissimili
363 1698 463 1756 vivont
477 1697 575 1772 specie
589 1697 774 1771 retinentque
789 1708 942 1772 parentum
1077 1707 1125 1771 665

219 1799 352 1846 naturam
367 1797 397 1846 et
410 1805 506 1845 mores
521 1787 680 1862 generatim
694 1806 829 1862 quaeque
844 1788 1000 1847 imitantur.

220 1889 300 1938 tanta
314 1879 402 1936 estin
416 1878 518 1953 quovis
532 1895 638 1952 genere
653 1877 760 1935 herbae
776 1880 906 1937 materiai

221 1969 365 2029 dissimilis
379 1969 460 2041 ratio,
476 1977 555 2027 tanta
570 1977 613 2026 est
627 1967 658 2025 in
672 1968 791 2027 flumine
806 1987 934 2044 quoque.

220 2061 289 2118 hinc
303 2078 390 2136 porro
406 2059 537 2133 quamvis
551 2059 731 2116 animantem
745 2078 783 2117 ex
796 2061 931 2119 omnibus
945 2079 1034 2119 unam

220 2170 287 2210 ossa
301 2169 386 2208 cruor
398 2168 491 2207 venae
506 2150 585 2207 calor
598 2167 683 2206 umor
696 2150 808 2207 viscera
821 2152 902 2208 nervi
1076 2158 1126 2219 670

217 2242 420 2314 constituunt3
441 2258 517 2315 quae
531 2250 598 2297 sunt
610 2258 698 2315 porro
713 2240 849 2297 distantia
863 2242 958 2317 longe,

221 2331 353 2397 dissimili
366 2332 496 2406 perfecta
508 2331 599 2405 figura
614 2330 832 2404 principiorum.

220 2431 283 2480 tum
297 2439 384 2497 porro
399 2439 603 2496 quaecumque
617 2420 677 2494 igni
691 2420 838 2477 flammata
851 2431 1024 2494 cremantur,

220 2513 244 2570 si
257 2512 297 2569 nil
311 2521 469 2587 praeterea,
484 2521 582 2569 tamen
597 2510 670 2568 haec
684 2510 854 2585 incorpore
870 2510 1003 2569 condunt

219 2602 299 2659 unde
314 2602 412 2676 ignem
426 2602 520 2659 iacere
535 2612 564 2659 et
578 2602 677 2659 lumen
692 2601 872 2678 summittere
886 2602 999 2677 possint
1075 2609 1123 2673 675

220 2695 415 2769 scintillasque
429 2712 515 2768 agere
530 2713 565 2752 ac
579 2695 635 2752 late
650 2692 764 2751 differre
779 2693 911 2753 favillam.

221 2795 318 2843 cetera
332 2784 474 2842 consimili
491 2786 596 2843 mentis
610 2784 722 2842 ratione
736 2802 892 2859 peragrans
950 2829 954 2832 -

220 2876 350 2933 invenies
365 2875 451 2950 igitur
465 2874 619 2933 multarum
635 2876 747 2933 semina
760 2893 856 2933 rerum

221 2983 345 3041 corpore
360 2965 453 3022 celare
468 2974 497 3022 et
510 2965 601 3023 varias
613 2965 750 3024 cohibere
765 2966 878 3040 figuras.

221 3054 349 3130 denique
363 3054 453 3112 multa
466 3052 547 3112 vides
562 3056 667 3130 quibus
682 3066 713 3113 et
726 3057 808 3114 color
821 3065 850 3114 et
865 3074 952 3131 sapor
964 3075 1023 3114 una
1075 3064 1125 3115 680

220 3144 336 3228 reddita
349 3154 416 3203 sunt
429 3163 499 3202 cum
512 3144 622 3204 odore:
645 3146 675 3202 in
690 3148 789 3221 primis
803 3148 942 3222 pleraque
956 3146 1036 3205 dona

178 3286 198 3323 x
221 3324 295 3383 haec
310 3324 395 3399 igitur
407 3324 490 3382 variis
505 3322 615 3383 debent
628 3335 761 3383 constare
775 3326 893 3401 figuris;

220 3414 307 3474 nidor
321 3414 399 3471 enim
412 3424 545 3490 penetrat
559 3434 618 3489 qua
631 3416 715 3473 fucus
729 3433 790 3474 non
804 3418 870 3474 itin
884 3426 971 3490 artus,

220 3506 304 3564 sucus
318 3505 388 3563 item
403 3523 524 3577 sorsum,
539 3523 652 3564 sorsum
666 3524 754 3580 sapor
767 3507 927 3566 insinuatur
