2792 4025
191 339 194 344 .
216 294 269 366 ΙΙ,]
451 295 505 347 DE
531 295 677 348 RERUM
705 296 877 350 NATURA
1072 298 1114 363 43

213 463 355 529 quantum
370 454 475 529 cuique
490 452 591 512 datum
606 464 650 512 est
663 473 718 530 per
731 455 850 514 foedera
863 457 984 514 naturai.

212 563 269 603 nec
283 564 379 603 rerum
394 563 537 603 summam
553 557 734 604 commutare
748 546 806 604 ulla
819 555 917 622 potest
932 549 973 605 vis
985 567 994 620 ;

212 653 281 693 nam
296 653 401 710 neque,
416 654 476 710 quo
490 636 581 710 possit
594 655 686 710 genus
701 637 791 694 ullum
805 638 935 696 materiai

213 725 339 801 effugere
349 744 385 783 ex
393 726 482 797 omni,
491 727 648 802 quicquam
659 737 703 784 est
712 738 801 799 extra,
810 746 907 802 neque
917 729 946 786 in
955 746 1045 786 omne
1068 746 1114 799 305

212 815 293 874 unde
307 826 408 874 coorta
421 826 510 891 queat
524 834 600 874 nova
613 817 656 874 vis
671 818 836 892 inrumpere
852 827 881 876 et
895 837 1016 876 omnem

212 917 343 965 naturam
358 925 453 965 rerum
467 917 578 966 mutare
593 918 622 966 et
636 918 746 966 vertere
761 919 867 967 motus,

254 997 330 1056 Illud
345 998 375 1055 in
390 998 433 1057 his
448 999 534 1056 rebus
548 1017 609 1056 non
623 1008 667 1056 est
680 999 819 1071 mirabile,
835 1018 934 1075 quare,

213 1089 313 1146 omnia
327 1107 394 1146 cum
409 1107 504 1146 rerum
518 1089 675 1164 primordia
689 1090 746 1147 sint
760 1091 790 1147 in
804 1100 895 1161 motu,

213 1197 327 1236 summa
340 1189 440 1237 tamen
455 1198 570 1236 summa
583 1179 715 1237 videatur
728 1189 802 1238 stare
818 1182 925 1255 quiete,
1067 1199 1117 1249 3¹0

211 1279 415 1345 praeterquam
429 1268 525 1344 siquid
539 1271 657 1344 proprio
671 1269 723 1328 dat
737 1288 859 1345 corpore
873 1281 979 1329 motus.

212 1361 307 1418 omnis
322 1361 400 1418 enim
415 1359 501 1435 longe
516 1361 620 1418 nostris
634 1361 672 1418 ab
686 1361 818 1419 sensibus
833 1361 906 1418 infra

211 1451 372 1526 primomm
386 1460 488 1509 natura
502 1451 595 1509 iacet:
619 1461 805 1526 quapropter,
820 1452 868 1509 ubi
884 1453 947 1526 ipsa

213 1559 331 1598 cernere
346 1542 403 1599 iam
418 1559 556 1616 nequeas,
571 1553 668 1600 motus
683 1560 802 1616 quoque
816 1560 933 1617 surpere
949 1541 1057 1600 debent
1070 1563 1077 1614 ;

212 1631 381 1707 praesertim
396 1650 473 1704 cum,
489 1650 565 1707 quae
579 1633 724 1706 possimus
738 1650 866 1702 cernere,
881 1634 977 1690 celent
1067 1651 1115 1704 3¹5

213 1740 301 1797 saepe
316 1732 414 1779 tamen
429 1731 526 1780 motus
541 1724 635 1797 spatio
650 1721 771 1780 diducta
784 1723 925 1781 locorum.

212 1830 281 1869 nam
296 1830 383 1888 saepe
398 1813 428 1870 in
442 1813 509 1870 colli
523 1812 680 1871 tondentes
693 1813 801 1887 pabula
813 1813 890 1870 laeta

212 1902 356 1978 lanigerae
371 1913 486 1978 reptant
500 1902 631 1978 pecudes
645 1921 706 1978 quo
721 1921 868 1978 quamque
884 1916 1023 1962 vocantes

212 1993 335 2052 invitant
349 1993 455 2053 herbae
470 2003 651 2069 gemmantes
665 2012 730 2053 rore
744 1995 865 2068 recenti,

213 2093 243 2141 et
257 2084 350 2142 satiati
364 2085 429 2160 agni
445 2084 549 2143 ludunt
563 2084 731 2159 blandeque
747 2094 920 2157 coruscant3
1069 2078 1117 2157 3'20

213 2174 313 2232 omnia
326 2193 402 2249 quae
416 2176 501 2233 nobis
516 2175 602 2249 longe
617 2176 740 2233 confusa
752 2174 887 2234 videntur

213 2273 243 2323 et
256 2265 335 2323 velut
348 2265 378 2322 in
391 2265 475 2323 viridi
489 2264 600 2323 candor
614 2266 774 2324 consistere
787 2266 863 2323 colli.

213 2364 363 2431 praeterea
376 2374 499 2431 magnae
514 2356 643 2431 legiones
658 2375 726 2413 cum
741 2358 807 2413 loca
821 2375 907 2413 cursu

214 2463 387 2521 camporum
401 2446 551 2521 complent
565 2447 632 2504 belli
646 2447 800 2504 simulacra
813 2446 933 2516 cientes,

213 2536 307 2611 fulgor
320 2536 359 2594 ibi
374 2535 412 2594 ad
427 2537 541 2594 caelum
556 2554 587 2594 se
602 2537 675 2594 tollit
690 2546 808 2611 totaque
823 2537 933 2593 circum
1070 2557 1116 2609 325

214 2644 280 2684 aere
295 2625 451 2685 renidescit
465 2628 549 2685 tellus
563 2637 721 2702 supterque
735 2628 826 2685 virum
840 2627 869 2684 vi

214 2717 326 2775 excitur
338 2716 464 2792 pedibus
479 2718 589 2775 sonitus
604 2718 790 2792 clamoreque
804 2727 919 2777 montes

214 2807 264 2865 icti
278 2807 417 2865 reiectant
432 2826 519 2866 voces
533 2807 572 2865 ad
586 2807 680 2867 sidera
694 2807 797 2866 mundi

214 2906 244 2955 et
258 2897 490 2956 circumvolitant
505 2899 617 2973 equites
633 2898 809 2974 mediosque
823 2907 944 2973 repente

214 2987 376 3046 tramittunt
389 2988 485 3046 valido
500 2989 661 3063 quatientes
676 2990 784 3063 impete
798 3007 928 3063 campos
1071 3009 1119 3060 330

214 3087 245 3136 et
258 3086 357 3135 tamen
372 3078 550 3153 estquidam
565 3080 646 3138 locus
661 3080 724 3137 altis
739 3067 893 3137 montibus
900 3078 981 3137 unde

215 3177 291 3226 stare
304 3167 442 3226 videntur
455 3178 484 3226 et
498 3169 528 3227 in
543 3170 653 3244 campis
668 3170 826 3227 consistere
841 3170 940 3243 fulgor.

257 3259 346 3316 Nunc
360 3276 415 3335 age
429 3260 487 3317 iam
501 3259 641 3335 deinceps
656 3269 827 3317 cunctarum
843 3259 961 3316 exordia
974 3277 1069 3316 rerum

216 3348 313 3423 qualia
326 3349 382 3407 sint
397 3359 426 3408 et
440 3367 528 3425 quam
543 3350 628 3424 longe
643 3349 781 3407 distantia
793 3350 893 3408 sormis

215 3440 344 3515 percipe,
359 3440 524 3515 multigenis
538 3458 627 3515 quam
641 3440 698 3498 sint
711 3440 818 3497 variata
831 3439 949 3515 figuris3
1071 3457 1118 3510 335

216 3547 277 3590 non
291 3548 352 3608 quo
366 3531 457 3589 multa
470 3548 573 3606 parum
587 3530 671 3589 simili
686 3530 743 3588 sint
756 3530 888 3605 praedita
901 3531 1002 3601 forma,
