2792 4025
245 274 284 345 1.]
477 274 532 326 nn
564 273 711 326 Rarum
739 260 911 327 NATURA
1058 264 1072 297 t
1127 276 1145 339 3

242 454 317 512 quae
332 445 421 512 caput
434 454 452 495 a
465 435 538 493 caeli
551 434 718 511 regionibus
732 435 907 495 ostendebat

240 526 368 585 horribili
382 544 469 601 super
482 537 604 601 aspectu
619 527 787 585 mortalibus
800 528 921 599 instans,
1114 535 1146 601 65

240 618 366 691 primum
382 618 485 676 Graius
499 617 590 675 homo
602 616 732 675 mortalis
746 617 845 675 tollere
860 627 963 677 contra

240 717 284 764 est
298 706 400 765 oculos
415 725 500 765 ausus
514 708 681 782 primusque
696 708 837 766 obsistere
850 720 962 780 contra,

240 814 329 871 quem
343 815 440 871 neque
454 797 531 855 sama
545 796 635 855 deum
649 816 706 855 nec
720 797 841 855 fulmina
853 816 911 856 nec
925 797 1069 857 minitanti

180 918 198 962 ,ι
239 905 385 946 murmure
400 888 573 963 compressit
587 888 712 958 caelum,
726 888 780 947 sed
794 907 832 948 eo
845 889 937 965 magis
951 907 1050 947 acrem

63 1022 109 1067 Μ
124 992 146 1038 t:
167 967 179 988 “’
237 978 335 1035 inritat
349 978 437 1035 animi
450 979 594 1049 virtutem,
609 978 760 1053 effringere
774 987 807 1037 ut
821 989 883 1037 arta
1114 999 1146 1047 70

81 1072 92 1081 ”
132 1087 162 1137 ··,
238 1078 358 1125 naturae
372 1068 481 1141 primus
494 1077 643 1143 portarum
657 1064 916 1144 claustra'cupiret.

238 1176 307 1233 ergo
322 1156 418 1215 vivida
430 1158 472 1216 vis
487 1158 576 1216 animi
589 1159 719 1233 pervicit,
735 1168 764 1217 et
778 1168 859 1218 extra

237 1248 380 1323 processit
393 1247 481 1323 longe
495 1248 675 1307 flammantia
688 1249 806 1307 moenia
818 1249 922 1307 mundi

237 1348 325 1413 atque
339 1357 428 1397 omne
443 1339 617 1399 immensum
632 1340 793 1415 peragravit
806 1349 906 1399 mente
920 1340 1089 1413 animoque,

144 1503 147 1515 ⁵
236 1429 317 1488 unde
331 1431 417 1488 refert
430 1430 515 1489 nobis
529 1431 621 1489 victor
634 1430 707 1504 quid
720 1429 812 1505 possit
826 1430 902 1501 oriri,
1112 1446 1143 1501 75

208 1509 212 1520 ’
237 1520 308 1593 quid
322 1530 459 1595 nequeat,
474 1522 556 1579 finita
568 1530 697 1595 potestas
712 1520 841 1595 denique
855 1520 963 1595 cuique

150 1602 154 1608 ¹
197 1658 202 1665 ,,
237 1628 364 1685 quanam
379 1612 415 1669 sit
428 1612 540 1669 ratione
555 1621 642 1685 atque
657 1612 713 1669 alte
728 1612 869 1669 terminus
883 1611 1014 1670 haerens

237 1718 326 1775 quare
340 1701 440 1776 religio
455 1701 580 1775 pedibus
594 1701 726 1760 subiecta
739 1702 866 1760 vicissim

236 1791 386 1866 opteritur,
401 1810 455 1849 nos
470 1800 613 1865 exaequat
625 1792 747 1849 victoria
759 1792 852 1851 caelo.

277 1880 354 1939 Illud
368 1882 399 1940 in
412 1882 456 1939 his
469 1882 556 1941 rebus
570 1899 680 1953 vereor,
695 1900 734 1939 ne
748 1882 821 1940 sorte
835 1881 923 1941 rearis
1110 1887 1145 1938 80

236 1972 316 2047 inpia
329 1981 360 2030 te
373 1972 492 2030 rationis
507 1972 578 2030 inire
592 1972 740 2030 elementa
754 1973 889 2047 viamque

235 2063 390 2138 indugredi
405 2063 528 2122 sceleris.
545 2063 626 2137 quod
641 2073 743 2122 contra
757 2064 874 2138 saepius
888 2061 937 2121 illa

235 2154 336 2228 religio
350 2153 464 2228 peperit
477 2153 622 2211 scelerosa
635 2163 723 2227 atque
739 2154 829 2226 impia
842 2154 930 2211 sacta.

235 2243 340 2302 Aulide
355 2262 416 2318 quo
430 2253 518 2318 pacto
531 2243 638 2301 Triviai
651 2244 769 2318 virginis
783 2261 864 2300 aram

236 2333 415 2408 Iphianassai
430 2343 580 2408 turparunt
594 2334 734 2408 sanguine
748 2332 836 2390 foede

235 2423 373 2482 ductores
388 2426 525 2481 Danaum
539 2424 655 2494 delecti,
670 2424 764 2498 prima
776 2423 912 2481 virorum.

236 2514 284 2572 cui
299 2515 384 2572 simul
397 2515 487 2572 infula
501 2515 644 2590 virgineos
659 2512 841 2572 circumdata
853 2522 991 2588 comptus

234 2622 272 2662 ex
285 2614 407 2679 utraque
421 2605 483 2680 pari
498 2605 638 2662 malarum
652 2614 734 2679 parte
749 2604 903 2678 profusast,

235 2705 265 2753 et
279 2705 423 2753 maestum
437 2695 522 2753 simul
536 2705 604 2752 ante
619 2713 681 2753 aras
695 2694 809 2753 adstare
824 2705 977 2769 parentem

233 2786 323 2843 sensit
337 2795 366 2843 et
379 2785 459 2842 hunc
472 2795 591 2859 propter
604 2785 711 2842 serrum
725 2785 819 2842 celare
835 2785 982 2842 ministros
1109 2803 1143 2854 90

233 2885 413 2950 aspectuque
428 2893 482 2932 suo
496 2875 627 2931 lacrimas
642 2874 790 2932 effundere
806 2875 886 2945 civis,

235 2975 316 3024 muta
329 2975 409 3023 metu
424 2975 529 3022 terram
543 2965 665 3039 genibus
679 2965 833 3023 summissa
846 2964 975 3044 petebat

234 3074 291 3113 nec
305 3056 426 3113 miserae
440 3054 580 3130 prodesse
595 3056 624 3111 in
639 3055 687 3112 tali
702 3064 834 3128 tempore
849 3055 950 3128 quibat
962 3055 970 3066 '

235 3145 316 3220 quod
330 3146 423 3221 patrio
437 3145 574 3220 princeps
589 3144 711 3203 donarat
725 3145 844 3201 nomine
858 3162 978 3219 regem3

233 3255 302 3294 nam
317 3237 429 3294 sublata
441 3236 534 3294 virum
548 3236 682 3292 manibus
696 3233 939 3308 tremibundaque
954 3232 992 3291 ad
1007 3251 1069 3291 aras
1110 3250 1141 3304 95

235 3325 398 3397 deductast,
412 3344 474 3383 non
488 3335 519 3383 ut
533 3325 667 3382 sollemni
681 3342 762 3382 more
778 3343 926 3382 sacrorum

233 3417 365 3492 perfecto
380 3426 479 3490 posset
494 3417 571 3473 claro
587 3415 720 3474 comitari
735 3417 921 3489 Hymenae0,

236 3506 289 3566 sed
304 3516 383 3564 casta
398 3505 507 3564 inceste
522 3505 653 3564 nubendi
667 3515 800 3581 tempore
814 3505 922 3580 inipso
