2792 4025
255 234 274 295 8
573 242 804 297 rueramus
954 288 958 295 .
1119 242 1158 313 [1.

254 405 421 477 conficeret,
438 404 492 462 nisi
506 405 640 463 materies
654 414 773 463 aeterna
786 414 907 478 teneret,

254 496 329 553 inter
342 514 373 553 se
388 514 464 553 nexu
479 496 573 553 minus
589 505 638 553 aut
652 497 743 570 magis
757 495 949 570 indupedita5
1113 516 1160 563 240

254 596 347 644 tactus
362 586 441 643 enirn
455 586 505 643 leti
519 587 586 643 satis
601 595 677 643 esset
691 604 779 643 causa
792 586 934 659 profect0,

255 677 374 751 quippe,
389 676 440 734 ubi
454 676 531 732 nulla
544 676 638 733 forent
652 685 771 733 aeterno
786 693 919 749 corpore,
934 692 1059 749 quorum

255 776 426 823 contextum
440 766 482 823 vis
497 765 618 824 deberet
632 765 789 823 dissolvere
803 783 948 840 quaeque.

255 866 284 914 at
298 876 386 928 nunc,
402 857 477 913 inter
490 874 522 913 se
537 856 605 929 quia
618 873 711 913 nexus
726 856 935 931 principiorum

256 946 409 1005 dissimiles
423 956 558 1004 constant
572 955 747 1020 aeternaque
763 947 896 1003 materies
911 955 963 1017 est,
1112 964 1158 1017 ²45

255 1038 396 1095 incolumi
409 1046 561 1094 remanent
574 1054 620 1093 res
635 1054 767 1111 corpore,
782 1035 853 1093 dum
868 1037 935 1095 satis
949 1036 1023 1094 acris

254 1129 298 1186 vis
313 1128 400 1186 obeat
413 1145 467 1202 pro
481 1119 594 1184 teritura
608 1127 750 1201 cuiusque
764 1136 885 1201 reperta

256 1217 335 1275 haud
349 1218 433 1292 igitur
446 1216 522 1276 redit
535 1217 574 1276 ad
588 1218 679 1275 nilum
692 1236 738 1275 res
752 1218 819 1288 ulla,
834 1216 888 1274 sed
902 1234 1005 1275 omnes

256 1307 379 1366 discidio
394 1307 518 1365 redeunt
532 1308 562 1365 in
576 1326 701 1383 corpora
714 1308 853 1365 materiai.

113 1426 114 1431 1
217 1383 405 1474 &postremo
418 1408 542 1472 pereunt
556 1398 672 1469 imbres,
687 1398 738 1456 ubi
752 1416 803 1455 eos
817 1406 900 1472 pater
913 1397 1014 1455 aether
1115 1415 1162 1467 ²50

255 1489 286 1545 in
299 1488 442 1563 gremium
456 1488 553 1545 matris
568 1488 653 1545 terrai
666 1488 884 1562 praecipitavit3

256 1586 286 1635 at
299 1577 408 1634 nitidae
424 1587 543 1651 surgunt
557 1577 652 1651 fruges
666 1578 797 1651 ramique
811 1577 958 1634 virescunt

256 1668 415 1736 arboribus,
430 1676 564 1724 crescunt
579 1668 658 1741 ipsae
672 1667 792 1740 fetuque
806 1677 978 1742 gravantur,

256 1757 325 1814 hinc
339 1758 423 1814 alitur
435 1774 522 1832 porro
537 1767 667 1814 nostrum
681 1774 774 1831 genus
787 1767 875 1830 atque
889 1757 1023 1828 ferarum,

255 1846 325 1905 hinc
339 1847 427 1905 laetas
441 1847 527 1904 urbes
541 1847 637 1921 pueris
651 1846 753 1904 florere
767 1847 900 1905 videmus
1115 1864 1161 1917 ²55

256 1937 484 2010 frondiferasque
499 1937 581 1994 novis
596 1937 695 1995 avibus
710 1956 815 1995 canere
830 1938 960 2011 undique
974 1937 1077 2010 silvas3

257 2029 326 2086 hinc
339 2028 432 2086 fessae
446 2027 578 2103 pecudes
591 2029 692 2103 pingui
706 2047 759 2103 per
773 2030 879 2104 pabula
891 2030 968 2086 laeta

256 2136 380 2192 corpora
394 2118 547 2192 deponunt
561 2128 590 2175 et
604 2119 734 2177 candens
747 2120 856 2177 lacteus
870 2138 956 2177 umor

256 2209 393 2267 uberibus
408 2218 506 2266 manat
521 2208 671 2281 distentis3
693 2209 763 2267 hinc
777 2228 854 2267 nova
866 2210 962 2284 proles

256 2300 373 2357 artubus
388 2299 507 2356 infirmis
521 2309 636 2358 teneras
650 2300 755 2357 lasciva
769 2318 821 2374 per
835 2300 939 2358 herbas
1115 2305 1162 2354 260

255 2389 329 2448 ludit
341 2390 416 2447 lacte
431 2407 512 2447 mero
526 2400 639 2448 mentes
653 2390 787 2465 perculsa
800 2391 935 2448 novellas.

256 2479 336 2537 haud
349 2480 434 2555 igitur
447 2480 562 2555 penitus
577 2489 701 2555 pereunt
715 2498 918 2554 quaecumque
932 2478 1075 2549 videntur,

256 2569 375 2644 quando
390 2570 448 2627 alid
463 2589 499 2627 ex
513 2570 569 2628 alio
585 2571 677 2628 reficit
691 2582 794 2628 natura
807 2589 863 2628 nec
877 2570 964 2627 ullam

255 2677 317 2717 rem
332 2660 411 2734 gigni
421 2661 528 2735 patitur
541 2661 596 2718 nisi
610 2670 703 2719 morte
718 2661 818 2718 adiuta
831 2662 933 2718 aliena.

297 2750 386 2808 Nunc
400 2768 463 2826 age,
474 2769 523 2808 res
538 2751 677 2825 quoniam
691 2751 782 2810 docui
796 2770 856 2808 non
870 2768 957 2825 posse
971 2749 1061 2808 creari
1113 2756 1159 2821 ²⁶5

256 2839 294 2898 de
308 2841 367 2898 nilo
381 2859 479 2916 neque
494 2842 564 2898 item
578 2843 690 2917 genitas
705 2841 744 2899 ad
757 2842 798 2898 nil
810 2841 950 2912 revocari,

254 2948 353 3005 nequa
366 2931 440 2989 forte
455 2941 554 2988 tamen
570 2942 689 3006 coeptes
705 2931 837 2988 diffidere
852 2931 946 3002 dictis,

255 3021 338 3096 quod
351 3032 502 3096 nequeunt
516 3023 608 3080 oculis
621 3041 717 3079 rerum
730 3021 889 3097 primordia
903 3021 991 3093 cerni,

255 3113 358 3186 accipe
372 3121 523 3187 praeterea
536 3130 612 3186 quae
627 3130 752 3187 corpora
764 3121 826 3169 tute
840 3119 989 3170 necessest

255 3203 413 3261 confiteare
429 3221 492 3261 esse
507 3203 537 3260 in
550 3203 636 3260 rebus
650 3221 707 3259 nec
720 3221 807 3276 posse
821 3201 922 3261 videri.
1113 3223 1161 3269 270

255 3293 402 3368 principio
416 3293 496 3350 venti
509 3292 551 3349 vis
564 3293 696 3349 verberat
711 3293 800 3349 incita
813 3301 914 3368 portus

255 3383 440 3457 ingentisque
451 3383 507 3466 ipit
519 3381 600 3439 navis
614 3391 643 3439 et
656 3382 755 3440 nubila
768 3382 871 3454 differt,

256 3473 401 3532 interdum
416 3473 519 3548 rapido
532 3490 704 3548 percurrens
718 3474 831 3532 turbine
846 3491 967 3549 campos
