2792 4025
226 281 276 355 v]
468 282 524 336 ne
549 282 697 335 Renum
723 281 895 335 NATURA
1072 278 1131 345 157

227 442 346 501 distinet
359 450 485 516 aequato
498 440 613 510 caelum
627 440 793 499 discrimine
808 448 900 499 metas
1082 445 1131 511 690

227 543 346 610 propter
359 532 483 608 signiferi
497 532 657 607 posituram
670 531 758 589 totius
772 531 859 602 orbis,

227 642 325 682 annua
337 624 381 682 sol
394 624 425 680 in
438 640 499 699 quo
512 621 666 680 concludit
678 631 812 696 tempora
825 639 956 697 semem,

228 714 348 788 obliquo
362 722 451 771 terras
464 722 494 770 et
507 712 621 770 caelum
635 712 745 771 lumine
760 713 893 785 lustrans,

227 813 260 861 ut
273 804 346 861 ratio
359 802 487 861 declarat
499 820 602 861 eorum
617 803 667 878 qui
680 803 747 860 loca
761 803 833 860 caeli

228 894 327 953 omnia
340 894 487 969 dispositis
500 894 590 969 signis
603 903 706 951 ornata
718 900 864 951 notarunt.
1082 896 1130 963 695

227 997 278 1045 aut
291 987 359 1061 quia
372 987 493 1045 crassior
505 994 550 1044 est
562 986 649 1044 certis
662 986 693 1042 in
707 986 834 1060 partibus
848 983 906 1054 a‘e'r,

227 1077 282 1135 sub
294 1076 375 1134 terris
389 1075 458 1134 ideo
471 1076 627 1134 tremulum
642 1076 725 1133 iubar
738 1074 861 1132 haesitat
874 1072 949 1149 ignis

227 1184 283 1225 nec
298 1175 449 1242 penetrare
464 1176 562 1241 potest
575 1165 659 1223 facile
673 1175 762 1240 atque
777 1181 925 1239 emergere
939 1161 979 1222 ad
992 1172 1083 1222 ortus.

227 1267 383 1334 propterea
396 1266 500 1315 noctes
513 1255 638 1314 hiberno
651 1265 785 1329 tempore
799 1255 904 1329 longae

227 1356 353 1417 cessant,
367 1346 439 1404 dum
452 1346 550 1404 veniat
562 1343 706 1403 radiatum
720 1346 831 1419 insigne
846 1342 914 1401 diei.
1081 1364 1131 1413 700

227 1438 389 1508 autetiam,
403 1437 473 1511 quia
486 1436 528 1494 sic
543 1436 658 1493 alternis
672 1435 801 1509 partibus
815 1434 884 1491 anni

227 1528 336 1586 tardius
349 1537 380 1585 et
390 1527 474 1585 citius
488 1534 666 1585 consuerunt
676 1525 824 1583 confluere
838 1525 920 1600 ignes

228 1619 279 1694 qui
293 1619 403 1677 faciunt
416 1618 508 1676 solem
523 1626 601 1675 certa
614 1615 770 1692 desurgere
788 1625 879 1691 parte,

227 1720 383 1786 propterea
396 1708 429 1766 tit
441 1708 484 1765 uti
498 1707 652 1766 videantur
665 1706 764 1766 dicere
777 1724 880 1765 verum

269 1890 353 1948 Luna
364 1896 463 1964 potest
476 1888 544 1946 solis
557 1886 644 1946 radiis
657 1906 796 1963 percussa
809 1886 902 1945 nitere
1085 1904 1132 1957 705

228 1980 317 2057 inque
332 1979 395 2039 dies
408 1977 501 2055 magis
514 1977 545 2037 id
558 1979 659 2036 lumen
673 1987 842 2036 convertere
857 1975 942 2038 nobis

228 2069 268 2129 ad
281 2070 421 2145 speciem,
435 2078 576 2145 quantum
589 2069 658 2127 solis
672 2068 785 2126 secedit
798 2069 836 2126 ab
850 2068 921 2138 orbi,

229 2159 359 2235 donique
373 2178 442 2218 eum
455 2169 558 2217 contra
570 2160 658 2234 pleno
672 2159 748 2217 bene
765 2159 873 2216 lumine
887 2157 964 2217 fulsit

229 2261 317 2325 atque
331 2250 428 2309 oriens
441 2250 538 2310 obitus
552 2250 615 2307 eius
628 2267 716 2324 super
729 2249 809 2306 edita
821 2247 913 2321 vidit3

229 2341 299 2399 inde
313 2340 479 2399 minutatim
491 2349 569 2399 retro
583 2340 665 2414 quasi
679 2339 809 2396 condere
824 2339 924 2396 lumen
1085 2357 1133 2405 7¹0

229 2431 319 2490 debet
333 2431 412 2503 item,
427 2441 539 2506 quanto
553 2431 673 2506 propius
687 2430 746 2486 iam
760 2429 829 2487 solis
843 2427 882 2487 ad
896 2427 1010 2502 ignem

229 2521 332 2580 labitur
345 2539 382 2579 ex
394 2521 451 2579 alia
463 2523 612 2597 signorum
625 2530 707 2596 parte
721 2537 774 2594 per
787 2519 908 2591 orbem3

228 2621 262 2669 ut
275 2612 392 2682 faciunt,
408 2612 506 2669 lunam
521 2612 572 2686 qui
586 2612 699 2686 fingunt
713 2628 776 2668 esse
791 2608 860 2685 pilai

230 2702 411 2760 consimilem
425 2719 586 2777 cursusque
599 2702 677 2760 viam
691 2701 746 2760 sub
760 2701 822 2758 sole
836 2709 946 2759 tenere.

230 2801 274 2850 est
288 2792 375 2850 etiam
389 2810 478 2866 quare
492 2792 611 2867 proprio
625 2809 693 2849 cum
709 2791 816 2848 lumine
831 2789 923 2865 possit
1085 2807 1131 2860 715

228 2882 337 2940 volvier
350 2891 380 2940 et
392 2882 484 2940 varias
498 2881 660 2957 splendoris
675 2882 799 2940 reddere
814 2882 930 2939 formas.

229 2990 336 3047 corpus
350 2972 428 3056 enim
442 2972 511 3030 licet
524 2989 588 3030 esse
602 2971 682 3029 aliud
697 2972 780 3046 quod
794 2972 883 3030 fertur
897 2980 927 3029 et
940 2987 999 3029 una

228 3062 332 3120 labitur
345 3061 523 3120 omnimodis
537 3080 695 3120 occursans
709 3063 902 3137 officiensque

228 3172 285 3213 nec
299 3155 375 3229 potis
390 3164 434 3212 est
448 3155 537 3225 cerni,
552 3154 621 3229 quia
633 3173 749 3213 cassum
763 3155 873 3213 lumine
889 3155 987 3213 fertur.

226 3245 392 3320 versarique
406 3254 512 3319 potest,
526 3245 628 3319 globus
642 3245 684 3317 ut,
698 3244 819 3316 silone,
834 3245 903 3319 pilai
1084 3263 1131 3310 720

228 3333 349 3392 dimidia
362 3352 399 3391 ex
413 3334 486 3409 parti
500 3334 637 3392 candenti
650 3335 758 3392 lumine
773 3334 890 3406 tinctus

227 3423 429 3499 versandoque
443 3425 563 3499 globum
575 3425 711 3484 variantis
725 3424 813 3482 edere
827 3424 943 3497 formas,

228 3513 358 3590 donique
372 3524 574 3591 campartem,
589 3533 794 3590 quaecumque
809 3524 853 3574 est
866 3515 981 3590 ignibus
994 3522 1090 3587 aucta,
