2792 4025
205 289 278 359 ΙΙΙ.]
451 291 507 343 DE
527 291 673 346 RERUM
701 290 876 347 NATURA
1070 283 1112 362 87

202 460 297 510 servat
310 451 392 510 humi
405 451 515 510 voltum
529 452 646 510 vitalem
661 452 823 528 oculosque
837 453 975 530 patentis,
1059 464 1107 528 655

202 541 300 600 donec
313 542 448 618 reliquias
462 542 569 600 animai
583 542 713 600 reddidit
726 561 841 602 omnes.

202 633 273 707 quin
287 633 373 690 etiam
389 633 441 691 tibi
454 633 478 691 si
492 633 590 708 lingua
603 634 734 692 vibrante
748 633 869 691 micanti

201 723 343 798 serpentis
358 723 453 781 cauda
467 742 483 781 e
498 742 622 799 procero
637 742 761 800 corpore
776 734 934 800 utrumque

201 813 237 870 sit
251 813 365 871 libitum
379 815 409 871 in
423 815 527 872 multas
541 815 630 890 partis
644 815 791 874 discidere
805 817 892 891 ferro,

200 904 301 961 omnia
314 905 372 961 iam
386 922 499 962 sorsum
514 923 616 962 cemes
631 906 730 984 ancisa
743 908 857 965 recenti
948 938 952 948 ·
970 923 976 941 ⁶
1015 928 1019 936 ·
1057 917 1107 967 660

199 993 317 1051 volnere
332 994 430 1051 tortari
444 1004 474 1052 et
488 1004 592 1052 terram
608 1013 803 1072 conspargere
817 997 896 1071 tabo,

199 1084 292 1158 ipsam
307 1102 398 1159 seque
412 1093 488 1143 retro
503 1094 615 1159 partem
630 1096 731 1160 petere
746 1105 796 1144 ore
807 1087 946 1162 priorem,

199 1173 323 1232 volneris
337 1173 451 1232 ardenti
464 1184 497 1232 ut
510 1193 607 1233 morsu
622 1186 735 1250 premat
750 1177 808 1234 icta
822 1177 964 1237 dolorem.

199 1264 337 1322 omnibus
350 1283 414 1323 esse
429 1265 514 1340 igitur
528 1275 603 1324 totas
618 1265 750 1324 dicemus
765 1267 796 1324 in
809 1267 864 1326 illis

199 1355 346 1430 particulis
360 1356 492 1414 animas?
505 1366 535 1414 at
549 1375 584 1415 ea
597 1357 709 1415 ratione
725 1367 865 1431 sequetur
1057 1367 1105 1432 665

198 1463 288 1502 unam
302 1445 479 1504 animantem
494 1447 605 1506 animas
619 1447 755 1506 habuisse
769 1448 800 1505 in
815 1449 938 1523 corpore
953 1450 1067 1510 muitas.

199 1553 270 1612 ergo
285 1535 403 1596 divisast
417 1556 453 1595 ea
466 1555 541 1613 quae
556 1539 609 1597 fuit
622 1557 681 1596 una
695 1538 781 1596 simul
795 1557 864 1596 cum

199 1646 343 1704 corpore;
365 1640 543 1706 quapropter
557 1632 677 1689 mortaie
692 1640 849 1705 utrumque
863 1632 1064 1706 putandumst,

199 1719 232 1778 in
246 1720 350 1779 multas
364 1722 503 1797 quoniam
517 1722 606 1797 partis
621 1721 775 1780 disciditur
787 1739 891 1797 aeque.

171 1809 182 1849 ἵ
239 1811 391 1870 Praeterea
405 1812 428 1870 si
443 1812 601 1870 inmortalis
616 1822 719 1869 natura
732 1813 841 1870 animai
1056 1822 1106 1881 670

198 1911 313 1959 constat
326 1912 356 1960 et
370 1903 400 1960 in
414 1921 521 1978 corpus
535 1902 723 1961 nascentibus
737 1902 905 1975 insinuatur,

198 2009 250 2049 cur
263 2010 350 2068 super
363 2001 528 2052 anteactam
542 2003 667 2052 aetatem
682 1993 849 2052 meminisse
863 1995 1019 2070 nequimus

197 2100 254 2140 nec
267 2084 388 2159 vestigia
402 2093 547 2159 gestarum
560 2102 657 2142 rerum
671 2085 729 2142 ulla
742 2087 898 2143 tenemus?

197 2191 266 2230 nam
281 2174 305 2231 si
319 2182 401 2231 tanto
415 2184 531 2249 operest
546 2174 635 2232 animi
649 2184 762 2231 mutata
774 2183 915 2248 potestas,

197 2264 294 2321 omnis
307 2273 340 2321 ut
354 2273 483 2321 actarum
498 2263 639 2322 exciderit
652 2265 807 2322 retinentia
820 2282 927 2338 rerum,
1057 2273 1104 2339 675

197 2371 268 2425 non,
282 2362 314 2412 ut
328 2354 441 2429 opinor,
456 2354 488 2413 id
502 2373 520 2412 a
533 2354 591 2412 leto
606 2354 666 2412 iam
680 2355 805 2429 longiter
818 2364 912 2428 errat3

198 2454 376 2519 quapropter
389 2446 495 2503 fateare
510 2455 658 2503 necessest
672 2463 748 2520 quae
763 2445 816 2504 fuit
829 2455 898 2503 ante

197 2534 337 2593 interiisse
353 2543 383 2593 et
396 2554 471 2611 quae
486 2554 566 2594 nunc
580 2545 624 2594 est
638 2554 719 2593 nunc
733 2554 797 2594 esse
812 2545 949 2596 creatam.

239 2627 393 2684 Praeterea
406 2627 430 2685 si
444 2627 502 2685 iam
516 2627 647 2702 perfecto
662 2644 786 2701 corpore
800 2627 885 2687 nobis

196 2716 293 2775 inferri
307 2717 417 2776 solitast
431 2717 521 2775 animi
535 2716 630 2776 vivata
643 2726 775 2794 potestas
1054 2725 1105 2776 680

198 2817 260 2866 tum
275 2827 343 2867 cum
358 2809 504 2885 gignimur
517 2818 547 2868 et
560 2809 636 2867 vitae
651 2827 721 2867 cum
735 2809 825 2866 limen
839 2809 956 2881 inimus,

196 2898 276 2957 haud
290 2899 330 2957 ita
344 2899 539 2959 conveniebat
552 2900 595 2957 uti
609 2918 677 2958 cum
693 2918 817 2975 corpore
832 2910 862 2957 et
877 2919 936 2958 una

197 3008 266 3047 cum
280 2991 418 3049 membris
432 2990 565 3049 videatur
578 2991 610 3048 in
625 2991 689 3065 ipso
705 2990 847 3065 sanguine
862 3008 967 3062 cresse,

196 3079 250 3138 sed
263 3081 341 3138 velut
356 3081 385 3139 in
400 3099 491 3139 cavea
504 3099 557 3156 per
571 3099 602 3139 se
618 3082 673 3139 sibi
686 3082 783 3138 vivere
798 3080 900 3138 solam.

197 3167 347 3249 [convenit
361 3180 393 3228 ut
406 3189 493 3229 sensu
509 3188 615 3245 corpus
630 3181 730 3228 tamen
744 3170 845 3227 affluat
859 3169 965 3248 omne]
1055 3178 1103 3241 685

196 3259 279 3335 quod
292 3260 355 3318 fieri
369 3270 463 3318 totum
478 3271 581 3320 contra
595 3262 750 3318 manifesta
764 3260 854 3318 docet
867 3279 933 3332 res3

195 3369 324 3426 namque
339 3351 379 3409 ita
393 3369 508 3410 conexa
522 3361 566 3409 est
580 3369 632 3427 per
645 3370 736 3409 venas
750 3352 862 3409 viscera
876 3368 982 3409 nervos

197 3459 331 3517 ossaque,
346 3442 389 3500 uti
403 3441 507 3502 dentes
522 3461 641 3518 quoque
656 3460 744 3500 sensu
759 3442 988 3517 participentur;

196 3534 315 3592 morbus
330 3543 361 3591 ut
375 3532 485 3592 indicat
499 3542 528 3592 et
542 3532 647 3609 gelidai
662 3533 786 3608 stringor
799 3532 886 3607 aquai
