2792 4025
273 278 333 326 122
606 272 837 327 LUCRETIUS
1107 272 1173 345 [iv.

270 442 421 511 praeterea
434 433 601 492 meminisse
616 434 693 491 iacet
706 433 882 508 languetque
896 449 1002 509 sopore
1128 440 1174 507 7⁶5

269 544 326 599 nec
341 524 473 583 dissentit
488 542 557 582 eum
570 525 671 582 mortis
685 524 794 598 letique
809 524 935 599 potitum

269 617 327 673 iam
342 615 466 691 pridem,
482 632 570 690 quem
585 632 669 672 mens
682 614 780 672 vivom
795 632 959 671 secernere
974 613 1076 673 credit.

270 705 352 781 quod
366 714 505 781 superest,
520 723 582 763 non
596 714 640 762 est
653 705 759 762 mirum
772 704 924 762 simulacra
938 705 1048 762 moveri

269 796 463 871 bracchiaque
477 795 508 853 in
521 812 675 852 numerum
690 795 796 852 iactare
811 805 840 853 et
854 804 952 853 cetera
965 796 1115 869 membra;

269 904 338 944 narn
352 887 385 944 fit
398 897 430 944 ut
444 885 474 944 in
488 886 598 944 somnis
613 885 708 943 sacere
724 884 781 943 hoc
795 884 927 943 videatur
939 885 1036 961 imago
1047 905 1057 959 ς
1128 906 1176 953 770

270 978 380 1052 quippe
394 977 444 1035 ubi
458 977 552 1051 prima
565 976 640 1050 perit
653 975 770 1050 alioque
785 985 829 1034 est
843 975 932 1033 altera
946 986 1015 1035 nata

269 1067 339 1125 inde
353 1076 437 1139 statu,
453 1068 532 1143 prior
545 1067 593 1124 hic
606 1076 720 1142 gestum
736 1076 863 1125 mutasse
877 1065 1000 1124 videtur.

269 1158 379 1215 scilicet
392 1158 424 1215 id
438 1159 499 1215 fieri
513 1158 601 1216 celeri
614 1158 727 1214 ratione
742 1156 951 1231 putandumst:

269 1257 350 1305 tanta
362 1258 407 1307 est
421 1249 565 1307 mobilitas
579 1258 609 1306 et
621 1266 718 1305 rerum
734 1248 822 1321 copia
835 1256 915 1305 tanta

268 1347 406 1413 tantaque
422 1339 549 1396 sensibili
563 1339 666 1414 quovis
681 1347 726 1395 est
740 1347 872 1411 tempore
887 1338 917 1395 in
931 1355 991 1396 uno
1127 1356 1174 1411 775

268 1429 356 1503 copia
369 1430 582 1503 particulam,
597 1439 629 1486 ut
642 1429 735 1504 possit
749 1427 947 1502 suppeditare.

274 1574 277 1579 .
310 1517 479 1596 [Multaque
494 1520 523 1576 in
537 1518 582 1577 his
596 1519 682 1578 rebus
696 1528 873 1594 quaeruntur
888 1518 1036 1593 multaque
1049 1520 1135 1579 nobis

268 1612 472 1685 clarandumst,
487 1612 573 1688 plane
587 1612 611 1670 si
624 1630 671 1671 res
684 1629 833 1687 exponere
848 1628 976 1669 avernus.

267 1702 415 1777 quaeritur
427 1703 458 1759 in
472 1701 571 1777 primis
585 1719 685 1777 quare,
700 1702 782 1778 quod
796 1701 903 1775 cuique
919 1701 1011 1760 libido

266 1793 387 1864 venerit,
402 1793 551 1867 extemplo
566 1810 651 1850 mens
663 1793 774 1867 cogitet
789 1792 851 1850 eius
865 1791 896 1849 id
911 1792 1017 1865 ipsum.
1127 1800 1175 1861 780

266 1900 343 1939 anne
357 1883 535 1940 voluntatem
550 1893 678 1941 nostram
692 1882 845 1941 simulacra
858 1890 975 1940 tuentur

267 1982 297 2031 et
310 1973 395 2031 simul
408 1991 444 2031 ac
458 1973 590 2032 volumus
604 1974 689 2032 nobis
704 1974 829 2031 occurrit
843 1972 948 2048 image,

267 2064 291 2122 si
305 2082 394 2134 mare,
409 2064 433 2122 si
448 2073 550 2122 terrast
564 2064 656 2136 cordi,
671 2064 695 2122 si
710 2064 838 2139 denique
853 2064 988 2121 caelum?

266 2164 428 2212 conventus
443 2154 594 2212 hominum
608 2172 750 2229 pompam
764 2154 898 2211 convivia
910 2172 1032 2230 pugnas,

266 2244 367 2302 omnia
381 2244 436 2302 sub
449 2245 577 2303 verbone
592 2254 672 2302 creat
686 2254 789 2301 natura
803 2246 965 2319 paratque?
1125 2252 1171 2316 785

266 2353 335 2393 cum
349 2336 519 2411 praesertim
533 2335 594 2394 aliis
609 2335 715 2393 eadem
730 2336 760 2393 in
774 2336 893 2410 regione
909 2336 1035 2412 locoque

266 2426 353 2502 longe
368 2426 513 2484 dissimilis
527 2427 641 2484 animus
655 2445 701 2484 res
716 2427 825 2500 cogitet
839 2427 943 2484 omnis

267 2517 338 2590 quid
353 2534 450 2590 porro,
466 2517 496 2574 in
510 2535 664 2574 numerum
679 2516 841 2592 procedere
857 2536 924 2574 cum
940 2517 1091 2575 simulacra

267 2607 413 2664 cernimus
428 2607 457 2664 in
472 2607 582 2665 somnis
596 2615 626 2665 et
640 2608 737 2665 mollia
751 2608 882 2665 membra
896 2625 1023 2678 movere,

266 2697 365 2754 mollia
379 2697 523 2755 mobiliter
537 2715 605 2754 curn
619 2697 735 2755 alternis
750 2697 886 2755 bracchia
899 2698 1018 2756 mittunt
1125 2717 1174 2769 790

267 2796 298 2844 et
310 2796 446 2861 repetunt
460 2787 552 2844 oculis
565 2797 678 2863 gestum
693 2786 771 2863 pede
786 2788 994 2846 convenienti?

267 2877 378 2935 scilicet
392 2887 452 2935 arte
466 2876 587 2935 madent
602 2878 755 2935 simulacra
769 2888 798 2935 et
812 2877 901 2936 docta
915 2889 1063 2952 vagantur,

267 2977 412 3025 nocturno
428 2967 522 3025 facere
536 2977 568 3025 ut
581 2969 695 3042 possint
709 2968 740 3025 in
754 2977 886 3043 ternpore
902 2968 997 3026 ludos.

267 3076 305 3115 an
319 3058 410 3132 magis
425 3057 495 3116 illud
510 3058 562 3115 erit
575 3060 698 3116 verum?
718 3059 787 3133 quia
800 3068 933 3134 tempore
948 3059 978 3116 in
992 3077 1061 3131 uno,

267 3166 335 3205 cum
350 3149 490 3206 sentimus
504 3147 544 3220 id,
559 3158 670 3207 etcum
684 3167 743 3206 vox
756 3149 895 3206 emittitur
908 3167 975 3223 una,
1125 3167 1171 3223 795

266 3247 400 3312 tempora
413 3239 505 3296 multa
517 3238 617 3309 latent,
632 3239 705 3296 ratio
720 3257 795 3313 quae
811 3239 954 3313 comperit
969 3257 1043 3312 esse,

267 3337 423 3403 propterea
437 3328 470 3385 fit
483 3328 526 3386 uti
540 3329 643 3402 quovis
657 3329 687 3384 in
702 3338 835 3402 tempore
850 3346 986 3404 quaeque

266 3427 383 3493 praesto
397 3418 454 3476 sint
468 3418 621 3476 simulacra
633 3418 706 3476 locis
720 3419 750 3476 in
765 3418 889 3494 quisque
903 3429 1011 3495 parata

266 3517 296 3567 et
310 3508 379 3585 quia
391 3507 489 3566 tenvia
502 3518 578 3580 sunt,
593 3509 648 3566 nisi
662 3526 738 3582 quae
753 3509 915 3582 contendit,
930 3521 1016 3568 acute
1124 3517 1172 3567 802
