<?xml version="1.0" encoding="UTF-8"?>
<!DOCTYPE html PUBLIC "-//W3C//DTD XHTML 1.0 Transitional//EN"
    "http://www.w3.org/TR/xhtml1/DTD/xhtml1-transitional.dtd">
<html xmlns="http://www.w3.org/1999/xhtml" xml:lang="en" lang="en">
 <head>
  <title>
</title>
<meta http-equiv="Content-Type" content="text/html;charset=utf-8" />
  <meta name='ocr-system' content='tesseract 3.04.00' />
  <meta name='ocr-capabilities' content='ocr_page ocr_carea ocr_par ocr_line ocrx_word'/>
</head>
<body>
  <div class='ocr_page' id='page_1' title='image "./tlucreticarider01kelsgoog_0164.png"; bbox 0 0 2792 4025; ppageno 0'>
   <div class='ocr_carea' id='block_1_1' title="bbox 526 813 908 874">
    <p class='ocr_par' dir='ltr' id='par_1_1' title="bbox 526 813 908 874">
     <span class='ocr_line' id='line_1_1' title="bbox 526 813 908 874; baseline 0.003 -3"><span class='ocrx_word' id='word_1_1' title='bbox 526 813 561 872; x_wconf 80' lang='grc' dir='ltr'>Τ.</span> <span class='ocrx_word' id='word_1_2' title='bbox 584 813 775 874; x_wconf 84' lang='lat' dir='ltr'>LUCRETI</span> <span class='ocrx_word' id='word_1_3' title='bbox 802 813 908 874; x_wconf 81' lang='lat' dir='ltr'>CARI</span> 
     </span>
    </p>
   </div>
   <div class='ocr_carea' id='block_1_2' title="bbox 411 1014 1025 1091">
    <p class='ocr_par' dir='ltr' id='par_1_2' title="bbox 411 1014 1025 1091">
     <span class='ocr_line' id='line_1_2' title="bbox 411 1014 1025 1091; baseline -0.002 -1"><span class='ocrx_word' id='word_1_4' title='bbox 411 1015 488 1090; x_wconf 87' lang='lat' dir='ltr'>DE</span> <span class='ocrx_word' id='word_1_5' title='bbox 530 1015 739 1091; x_wconf 87' lang='lat' dir='ltr'>RERUM</span> <span class='ocrx_word' id='word_1_6' title='bbox 778 1014 1025 1091; x_wconf 83' lang='lat' dir='ltr'><strong>NATURA</strong></span> 
     </span>
    </p>
   </div>
   <div class='ocr_carea' id='block_1_3' title="bbox 544 1229 894 1298">
    <p class='ocr_par' dir='ltr' id='par_1_3' title="bbox 544 1229 894 1298">
     <span class='ocr_line' id='line_1_3' title="bbox 544 1229 894 1298; baseline -0.009 -15"><span class='ocrx_word' id='word_1_7' title='bbox 544 1231 666 1283; x_wconf 72' lang='lat' dir='ltr'>ainau</span> <span class='ocrx_word' id='word_1_8' title='bbox 691 1229 894 1298; x_wconf 79' lang='lat' dir='ltr'><strong>QUARTUS.</strong></span> 
     </span>
    </p>
   </div>
   <div class='ocr_carea' id='block_1_4' title="bbox 674 1397 775 1429">
    <p class='ocr_par' dir='ltr' id='par_1_4' title="bbox 674 1397 775 1429">
     <span class='ocr_line' id='line_1_4' title="bbox 674 1397 775 1429; baseline 0 -11"><span class='ocrx_word' id='word_1_9' title='bbox 674 1397 775 1429; x_wconf 65' lang='lat'><em>...0-</em></span> 
     </span>
    </p>
   </div>
   <div class='ocr_carea' id='block_1_5' title="bbox 258 1528 1118 3582">
    <p class='ocr_par' dir='ltr' id='par_1_5' title="bbox 265 1528 932 1608">
     <span class='ocr_line' id='line_1_5' title="bbox 265 1528 932 1608; baseline -0.003 -19"><span class='ocrx_word' id='word_1_10' title='bbox 265 1529 354 1608; x_wconf 88' lang='lat' dir='ltr'>[Avia</span> <span class='ocrx_word' id='word_1_11' title='bbox 368 1528 516 1588; x_wconf 90' lang='lat' dir='ltr'>Pieridum</span> <span class='ocrx_word' id='word_1_12' title='bbox 528 1546 651 1605; x_wconf 78' lang='lat' dir='ltr'>peragro</span> <span class='ocrx_word' id='word_1_13' title='bbox 665 1529 732 1586; x_wconf 90' lang='lat' dir='ltr'>loca</span> <span class='ocrx_word' id='word_1_14' title='bbox 745 1528 849 1586; x_wconf 89' lang='lat' dir='ltr'>nullius</span> <span class='ocrx_word' id='word_1_15' title='bbox 864 1539 932 1587; x_wconf 88' lang='lat' dir='ltr'>ante</span> 
     </span>
    </p>

    <p class='ocr_par' dir='ltr' id='par_1_6' title="bbox 263 1618 910 1694">
     <span class='ocr_line' id='line_1_6' title="bbox 263 1618 910 1694; baseline -0.003 -16"><span class='ocrx_word' id='word_1_16' title='bbox 263 1623 330 1678; x_wconf 88' lang='lat' dir='ltr'>trita</span> <span class='ocrx_word' id='word_1_17' title='bbox 344 1621 416 1679; x_wconf 92' lang='lat' dir='ltr'>solo.</span> <span class='ocrx_word' id='word_1_18' title='bbox 431 1621 509 1678; x_wconf 90' lang='lat' dir='ltr'>iuvat</span> <span class='ocrx_word' id='word_1_19' title='bbox 523 1620 650 1694; x_wconf 88' lang='lat' dir='ltr'>integros</span> <span class='ocrx_word' id='word_1_20' title='bbox 664 1618 808 1676; x_wconf 84' lang='lat' dir='ltr'>accedere</span> <span class='ocrx_word' id='word_1_21' title='bbox 822 1619 910 1676; x_wconf 89' lang='lat' dir='ltr'>sontis</span> 
     </span>
    </p>

    <p class='ocr_par' dir='ltr' id='par_1_7' title="bbox 262 1709 1072 2330">
     <span class='ocr_line' id='line_1_7' title="bbox 263 1709 1072 1786; baseline 0 -17"><span class='ocrx_word' id='word_1_22' title='bbox 263 1722 351 1786; x_wconf 88' lang='lat' dir='ltr'>atque</span> <span class='ocrx_word' id='word_1_23' title='bbox 367 1711 488 1781; x_wconf 90' lang='lat' dir='ltr'>haurire,</span> <span class='ocrx_word' id='word_1_24' title='bbox 504 1710 640 1784; x_wconf 90' lang='lat' dir='ltr'>iuvatque</span> <span class='ocrx_word' id='word_1_25' title='bbox 655 1728 748 1767; x_wconf 90' lang='lat' dir='ltr'>novos</span> <span class='ocrx_word' id='word_1_26' title='bbox 763 1709 923 1785; x_wconf 86' lang='lat' dir='ltr'>decerpere</span> <span class='ocrx_word' id='word_1_27' title='bbox 937 1710 1022 1769; x_wconf 87' lang='lat' dir='ltr'>flores</span> <span class='ocrx_word' id='word_1_28' title='bbox 1067 1727 1072 1735; x_wconf 81' lang='grc'><strong>’</strong></span> 
     </span>
     <span class='ocr_line' id='line_1_8' title="bbox 263 1799 1008 1876; baseline 0.003 -18"><span class='ocrx_word' id='word_1_29' title='bbox 263 1802 466 1876; x_wconf 86' lang='lat' dir='ltr'>insignemque</span> <span class='ocrx_word' id='word_1_30' title='bbox 481 1818 549 1857; x_wconf 88' lang='lat' dir='ltr'>meo</span> <span class='ocrx_word' id='word_1_31' title='bbox 564 1800 652 1874; x_wconf 87' lang='lat' dir='ltr'>capiti</span> <span class='ocrx_word' id='word_1_32' title='bbox 667 1809 767 1874; x_wconf 89' lang='lat' dir='ltr'>petere</span> <span class='ocrx_word' id='word_1_33' title='bbox 782 1799 851 1858; x_wconf 90' lang='lat' dir='ltr'>inde</span> <span class='ocrx_word' id='word_1_34' title='bbox 866 1819 1008 1860; x_wconf 90' lang='lat' dir='ltr'>coronam</span> 
     </span>
     <span class='ocr_line' id='line_1_9' title="bbox 263 1890 932 1966; baseline -0.001 -16"><span class='ocrx_word' id='word_1_35' title='bbox 263 1891 342 1950; x_wconf 90' lang='lat' dir='ltr'>unde</span> <span class='ocrx_word' id='word_1_36' title='bbox 357 1892 435 1966; x_wconf 91' lang='lat' dir='ltr'>prius</span> <span class='ocrx_word' id='word_1_37' title='bbox 449 1891 516 1948; x_wconf 90' lang='lat' dir='ltr'>nulli</span> <span class='ocrx_word' id='word_1_38' title='bbox 532 1890 652 1948; x_wconf 85' lang='lat' dir='ltr'>velarint</span> <span class='ocrx_word' id='word_1_39' title='bbox 666 1900 798 1965; x_wconf 90' lang='lat' dir='ltr'>tempora</span> <span class='ocrx_word' id='word_1_40' title='bbox 812 1910 932 1964; x_wconf 78' lang='lat' dir='ltr'>musae3</span> 
     </span>
     <span class='ocr_line' id='line_1_10' title="bbox 263 1980 1001 2059; baseline 0.003 -19"><span class='ocrx_word' id='word_1_41' title='bbox 263 1984 389 2059; x_wconf 88' lang='lat' dir='ltr'>primurn</span> <span class='ocrx_word' id='word_1_42' title='bbox 404 1981 485 2057; x_wconf 90' lang='lat' dir='ltr'>quod</span> <span class='ocrx_word' id='word_1_43' title='bbox 501 1982 611 2058; x_wconf 90' lang='lat' dir='ltr'>magnis</span> <span class='ocrx_word' id='word_1_44' title='bbox 626 1980 722 2039; x_wconf 91' lang='lat' dir='ltr'>doceo</span> <span class='ocrx_word' id='word_1_45' title='bbox 737 1980 875 2041; x_wconf 89' lang='lat' dir='ltr'>derebus</span> <span class='ocrx_word' id='word_1_46' title='bbox 891 1992 920 2041; x_wconf 89' lang='lat' dir='ltr'>et</span> <span class='ocrx_word' id='word_1_47' title='bbox 933 1983 1001 2042; x_wconf 89' lang='lat' dir='ltr'>artis</span> 
     </span>
     <span class='ocr_line' id='line_1_11' title="bbox 262 2072 958 2149; baseline 0.001 -18"><span class='ocrx_word' id='word_1_48' title='bbox 262 2075 432 2148; x_wconf 85' lang='lat' dir='ltr'>religionum</span> <span class='ocrx_word' id='word_1_49' title='bbox 449 2074 577 2130; x_wconf 88' lang='lat' dir='ltr'>animum</span> <span class='ocrx_word' id='word_1_50' title='bbox 593 2072 678 2131; x_wconf 92' lang='lat' dir='ltr'>nodis</span> <span class='ocrx_word' id='word_1_51' title='bbox 693 2073 843 2131; x_wconf 85' lang='lat' dir='ltr'>exsolvere</span> <span class='ocrx_word' id='word_1_52' title='bbox 858 2093 958 2149; x_wconf 87' lang='lat' dir='ltr'>perg0,</span> 
     </span>
     <span class='ocr_line' id='line_1_12' title="bbox 263 2162 1006 2241; baseline 0.001 -19"><span class='ocrx_word' id='word_1_53' title='bbox 263 2164 372 2223; x_wconf 90' lang='lat' dir='ltr'>deinde</span> <span class='ocrx_word' id='word_1_54' title='bbox 388 2163 469 2239; x_wconf 93' lang='lat' dir='ltr'>quod</span> <span class='ocrx_word' id='word_1_55' title='bbox 483 2165 607 2221; x_wconf 89' lang='lat' dir='ltr'>obscura</span> <span class='ocrx_word' id='word_1_56' title='bbox 621 2162 659 2221; x_wconf 94' lang='lat' dir='ltr'>de</span> <span class='ocrx_word' id='word_1_57' title='bbox 674 2182 705 2221; x_wconf 88' lang='lat' dir='ltr'>re</span> <span class='ocrx_word' id='word_1_58' title='bbox 720 2172 780 2221; x_wconf 90' lang='lat' dir='ltr'>tam</span> <span class='ocrx_word' id='word_1_59' title='bbox 796 2163 894 2222; x_wconf 89' lang='lat' dir='ltr'>lucida</span> <span class='ocrx_word' id='word_1_60' title='bbox 907 2182 1006 2241; x_wconf 85' lang='lat' dir='ltr'>pango</span> 
     </span>
     <span class='ocr_line' id='line_1_13' title="bbox 262 2255 968 2330; baseline 0 -17"><span class='ocrx_word' id='word_1_61' title='bbox 262 2257 400 2326; x_wconf 85' lang='lat' dir='ltr'>carmina,</span> <span class='ocrx_word' id='word_1_62' title='bbox 416 2274 535 2313; x_wconf 86' lang='lat' dir='ltr'>musaeo</span> <span class='ocrx_word' id='word_1_63' title='bbox 550 2255 724 2329; x_wconf 89' lang='lat' dir='ltr'>contingens</span> <span class='ocrx_word' id='word_1_64' title='bbox 738 2265 845 2312; x_wconf 90' lang='lat' dir='ltr'>cuncta</span> <span class='ocrx_word' id='word_1_65' title='bbox 859 2255 968 2330; x_wconf 88' lang='lat' dir='ltr'>lepore.</span> 
     </span>
    </p>

    <p class='ocr_par' dir='ltr' id='par_1_8' title="bbox 261 2345 1008 2692">
     <span class='ocr_line' id='line_1_14' title="bbox 262 2345 1008 2421; baseline -0.001 -17"><span class='ocrx_word' id='word_1_66' title='bbox 262 2345 293 2404; x_wconf 91' lang='lat' dir='ltr'>id</span> <span class='ocrx_word' id='word_1_67' title='bbox 307 2363 425 2421; x_wconf 91' lang='lat' dir='ltr'>quoque</span> <span class='ocrx_word' id='word_1_68' title='bbox 441 2346 518 2402; x_wconf 90' lang='lat' dir='ltr'>enim</span> <span class='ocrx_word' id='word_1_69' title='bbox 532 2363 593 2402; x_wconf 90' lang='lat' dir='ltr'>non</span> <span class='ocrx_word' id='word_1_70' title='bbox 607 2345 644 2403; x_wconf 88' lang='lat' dir='ltr'>ab</span> <span class='ocrx_word' id='word_1_71' title='bbox 658 2345 737 2402; x_wconf 93' lang='lat' dir='ltr'>nulla</span> <span class='ocrx_word' id='word_1_72' title='bbox 750 2346 862 2404; x_wconf 88' lang='lat' dir='ltr'>ratione</span> <span class='ocrx_word' id='word_1_73' title='bbox 876 2346 990 2403; x_wconf 90' lang='lat' dir='ltr'>videtur</span> <span class='ocrx_word' id='word_1_74' title='bbox 998 2366 1008 2418; x_wconf 86' lang='lat'>;</span> 
     </span>
     <span class='ocr_line' id='line_1_15' title="bbox 261 2435 973 2510; baseline 0 -16"><span class='ocrx_word' id='word_1_75' title='bbox 261 2455 330 2494; x_wconf 88' lang='lat' dir='ltr'>nam</span> <span class='ocrx_word' id='word_1_76' title='bbox 344 2436 432 2494; x_wconf 87' lang='lat' dir='ltr'>veluti</span> <span class='ocrx_word' id='word_1_77' title='bbox 446 2436 543 2510; x_wconf 88' lang='lat' dir='ltr'>pueris</span> <span class='ocrx_word' id='word_1_78' title='bbox 557 2435 702 2493; x_wconf 91' lang='lat' dir='ltr'>absinthia</span> <span class='ocrx_word' id='word_1_79' title='bbox 716 2444 807 2493; x_wconf 87' lang='lat' dir='ltr'>taetra</span> <span class='ocrx_word' id='word_1_80' title='bbox 821 2436 973 2494; x_wconf 90' lang='lat' dir='ltr'>medentes</span> 
     </span>
     <span class='ocr_line' id='line_1_16' title="bbox 262 2526 998 2601; baseline 0 -17"><span class='ocrx_word' id='word_1_81' title='bbox 262 2546 330 2584; x_wconf 91' lang='lat' dir='ltr'>curn</span> <span class='ocrx_word' id='word_1_82' title='bbox 345 2526 414 2584; x_wconf 91' lang='lat' dir='ltr'>dare</span> <span class='ocrx_word' id='word_1_83' title='bbox 429 2536 580 2596; x_wconf 88' lang='lat' dir='ltr'>conantur,</span> <span class='ocrx_word' id='word_1_84' title='bbox 594 2526 673 2601; x_wconf 91' lang='lat' dir='ltr'>prius</span> <span class='ocrx_word' id='word_1_85' title='bbox 688 2544 753 2583; x_wconf 87' lang='lat' dir='ltr'>oras</span> <span class='ocrx_word' id='word_1_86' title='bbox 767 2526 874 2601; x_wconf 90' lang='lat' dir='ltr'>pocula</span> <span class='ocrx_word' id='word_1_87' title='bbox 888 2527 998 2585; x_wconf 90' lang='lat' dir='ltr'>circum</span> 
     </span>
     <span class='ocr_line' id='line_1_17' title="bbox 262 2616 916 2692; baseline -0.002 -17"><span class='ocrx_word' id='word_1_88' title='bbox 262 2618 436 2692; x_wconf 90' lang='lat' dir='ltr'>contingunt</span> <span class='ocrx_word' id='word_1_89' title='bbox 449 2617 541 2674; x_wconf 88' lang='lat' dir='ltr'>mellis</span> <span class='ocrx_word' id='word_1_90' title='bbox 555 2616 633 2674; x_wconf 91' lang='lat' dir='ltr'>dulci</span> <span class='ocrx_word' id='word_1_91' title='bbox 648 2616 782 2692; x_wconf 89' lang='lat' dir='ltr'>flavoque</span> <span class='ocrx_word' id='word_1_92' title='bbox 797 2618 916 2691; x_wconf 89' lang='lat' dir='ltr'>liquore,</span> 
     </span>
    </p>

    <p class='ocr_par' dir='ltr' id='par_1_9' title="bbox 260 2707 944 2964">
     <span class='ocr_line' id='line_1_18' title="bbox 260 2707 902 2783; baseline 0 -19"><span class='ocrx_word' id='word_1_93' title='bbox 260 2717 294 2765; x_wconf 92' lang='lat' dir='ltr'>ut</span> <span class='ocrx_word' id='word_1_94' title='bbox 307 2726 464 2783; x_wconf 91' lang='lat' dir='ltr'>puerorum</span> <span class='ocrx_word' id='word_1_95' title='bbox 478 2717 557 2765; x_wconf 88' lang='lat' dir='ltr'>aetas</span> <span class='ocrx_word' id='word_1_96' title='bbox 571 2707 725 2782; x_wconf 89' lang='lat' dir='ltr'>inprovida</span> <span class='ocrx_word' id='word_1_97' title='bbox 738 2707 902 2765; x_wconf 88' lang='lat' dir='ltr'>ludificetur</span> 
     </span>
     <span class='ocr_line' id='line_1_19' title="bbox 260 2798 936 2874; baseline 0 -19"><span class='ocrx_word' id='word_1_98' title='bbox 260 2798 406 2857; x_wconf 90' lang='lat' dir='ltr'>labrorum</span> <span class='ocrx_word' id='word_1_99' title='bbox 421 2810 514 2866; x_wconf 74' lang='lat' dir='ltr'>tenus</span> <span class='ocrx_word' id='word_1_100' title='bbox 530 2798 641 2855; x_wconf 88' lang='lat' dir='ltr'>interea</span> <span class='ocrx_word' id='word_1_101' title='bbox 655 2808 792 2874; x_wconf 89' lang='lat' dir='ltr'>perpotet</span> <span class='ocrx_word' id='word_1_102' title='bbox 806 2817 936 2855; x_wconf 90' lang='lat' dir='ltr'>amarum</span> 
     </span>
     <span class='ocr_line' id='line_1_20' title="bbox 261 2888 944 2964; baseline -0.001 -18"><span class='ocrx_word' id='word_1_103' title='bbox 261 2889 386 2947; x_wconf 88' lang='lat' dir='ltr'>absinthi</span> <span class='ocrx_word' id='word_1_104' title='bbox 400 2888 515 2945; x_wconf 90' lang='lat' dir='ltr'>laticem</span> <span class='ocrx_word' id='word_1_105' title='bbox 530 2888 717 2964; x_wconf 88' lang='lat' dir='ltr'>deceptaque</span> <span class='ocrx_word' id='word_1_106' title='bbox 732 2907 791 2946; x_wconf 91' lang='lat' dir='ltr'>non</span> <span class='ocrx_word' id='word_1_107' title='bbox 807 2890 944 2963; x_wconf 89' lang='lat' dir='ltr'>capiatur,</span> 
     </span>
    </p>

    <p class='ocr_par' dir='ltr' id='par_1_10' title="bbox 261 2978 884 3055">
     <span class='ocr_line' id='line_1_21' title="bbox 261 2978 884 3055; baseline -0.003 -18"><span class='ocrx_word' id='word_1_108' title='bbox 261 2978 315 3037; x_wconf 93' lang='lat' dir='ltr'>sed</span> <span class='ocrx_word' id='word_1_109' title='bbox 328 2980 425 3055; x_wconf 89' lang='lat' dir='ltr'>potius</span> <span class='ocrx_word' id='word_1_110' title='bbox 439 2980 488 3036; x_wconf 87' lang='lat' dir='ltr'>tali</span> <span class='ocrx_word' id='word_1_111' title='bbox 502 2990 591 3054; x_wconf 89' lang='lat' dir='ltr'>pacto</span> <span class='ocrx_word' id='word_1_112' title='bbox 605 2989 735 3037; x_wconf 88' lang='lat' dir='ltr'>recreata</span> <span class='ocrx_word' id='word_1_113' title='bbox 748 2979 884 3050; x_wconf 88' lang='lat' dir='ltr'>valescat,</span> 
     </span>
    </p>

    <p class='ocr_par' dir='ltr' id='par_1_11' title="bbox 258 3067 1118 3414">
     <span class='ocr_line' id='line_1_22' title="bbox 260 3067 1118 3145; baseline -0.005 -17"><span class='ocrx_word' id='word_1_114' title='bbox 260 3071 302 3128; x_wconf 90' lang='lat' dir='ltr'>sic</span> <span class='ocrx_word' id='word_1_115' title='bbox 316 3088 372 3145; x_wconf 87' lang='lat' dir='ltr'>ego</span> <span class='ocrx_word' id='word_1_116' title='bbox 386 3088 473 3141; x_wconf 91' lang='lat' dir='ltr'>nunc,</span> <span class='ocrx_word' id='word_1_117' title='bbox 490 3072 629 3144; x_wconf 91' lang='lat' dir='ltr'>quoniam</span> <span class='ocrx_word' id='word_1_118' title='bbox 644 3070 718 3127; x_wconf 89' lang='lat' dir='ltr'>haec</span> <span class='ocrx_word' id='word_1_119' title='bbox 731 3070 805 3127; x_wconf 89' lang='lat' dir='ltr'>ratio</span> <span class='ocrx_word' id='word_1_120' title='bbox 818 3070 989 3144; x_wconf 89' lang='lat' dir='ltr'>plerumque</span> <span class='ocrx_word' id='word_1_121' title='bbox 1005 3067 1118 3126; x_wconf 90' lang='lat' dir='ltr'>videtur</span> 
     </span>
     <span class='ocr_line' id='line_1_23' title="bbox 259 3161 992 3235; baseline -0.007 -15"><span class='ocrx_word' id='word_1_122' title='bbox 259 3161 366 3220; x_wconf 85' lang='lat' dir='ltr'>tristior</span> <span class='ocrx_word' id='word_1_123' title='bbox 379 3179 443 3219; x_wconf 89' lang='lat' dir='ltr'>esse</span> <span class='ocrx_word' id='word_1_124' title='bbox 459 3162 564 3235; x_wconf 92' lang='lat' dir='ltr'>quibus</span> <span class='ocrx_word' id='word_1_125' title='bbox 579 3179 638 3217; x_wconf 91' lang='lat' dir='ltr'>non</span> <span class='ocrx_word' id='word_1_126' title='bbox 654 3170 698 3217; x_wconf 90' lang='lat' dir='ltr'>est</span> <span class='ocrx_word' id='word_1_127' title='bbox 713 3168 842 3231; x_wconf 86' lang='lat' dir='ltr'>tractata,</span> <span class='ocrx_word' id='word_1_128' title='bbox 857 3168 992 3235; x_wconf 85' lang='lat' dir='ltr'>retroque</span> 
     </span>
     <span class='ocr_line' id='line_1_24' title="bbox 258 3249 1024 3326; baseline -0.004 -17"><span class='ocrx_word' id='word_1_129' title='bbox 258 3252 361 3326; x_wconf 89' lang='lat' dir='ltr'>volgus</span> <span class='ocrx_word' id='word_1_130' title='bbox 375 3252 512 3310; x_wconf 88' lang='lat' dir='ltr'>abhorret</span> <span class='ocrx_word' id='word_1_131' title='bbox 525 3251 563 3309; x_wconf 88' lang='lat' dir='ltr'>ab</span> <span class='ocrx_word' id='word_1_132' title='bbox 577 3251 641 3320; x_wconf 90' lang='lat' dir='ltr'>hac,</span> <span class='ocrx_word' id='word_1_133' title='bbox 656 3251 734 3307; x_wconf 92' lang='lat' dir='ltr'>volui</span> <span class='ocrx_word' id='word_1_134' title='bbox 748 3250 799 3307; x_wconf 90' lang='lat' dir='ltr'>tibi</span> <span class='ocrx_word' id='word_1_135' title='bbox 813 3249 1024 3324; x_wconf 89' lang='lat' dir='ltr'>suaviloquenti</span> 
     </span>
     <span class='ocr_line' id='line_1_25' title="bbox 259 3342 959 3414; baseline -0.006 -14"><span class='ocrx_word' id='word_1_136' title='bbox 259 3342 388 3400; x_wconf 87' lang='lat' dir='ltr'>carmine</span> <span class='ocrx_word' id='word_1_137' title='bbox 404 3342 498 3400; x_wconf 89' lang='lat' dir='ltr'>Pierio</span> <span class='ocrx_word' id='word_1_138' title='bbox 512 3342 654 3398; x_wconf 91' lang='lat' dir='ltr'>rationem</span> <span class='ocrx_word' id='word_1_139' title='bbox 669 3357 816 3414; x_wconf 89' lang='lat' dir='ltr'>exponere</span> <span class='ocrx_word' id='word_1_140' title='bbox 830 3350 959 3397; x_wconf 89' lang='lat' dir='ltr'>nostram</span> 
     </span>
    </p>

    <p class='ocr_par' dir='ltr' id='par_1_12' title="bbox 259 3430 905 3507">
     <span class='ocr_line' id='line_1_26' title="bbox 259 3430 905 3507; baseline -0.005 -16"><span class='ocrx_word' id='word_1_141' title='bbox 259 3442 290 3491; x_wconf 88' lang='lat' dir='ltr'>et</span> <span class='ocrx_word' id='word_1_142' title='bbox 303 3434 386 3507; x_wconf 85' lang='lat' dir='ltr'>quasi</span> <span class='ocrx_word' id='word_1_143' title='bbox 400 3450 520 3491; x_wconf 89' lang='lat' dir='ltr'>musaeo</span> <span class='ocrx_word' id='word_1_144' title='bbox 535 3430 614 3488; x_wconf 89' lang='lat' dir='ltr'>dulci</span> <span class='ocrx_word' id='word_1_145' title='bbox 629 3431 796 3504; x_wconf 86' lang='lat' dir='ltr'>contingere</span> <span class='ocrx_word' id='word_1_146' title='bbox 811 3430 905 3501; x_wconf 92' lang='lat' dir='ltr'>melle,</span> 
     </span>
    </p>

    <p class='ocr_par' dir='ltr' id='par_1_13' title="bbox 260 3516 884 3582">
     <span class='ocr_line' id='line_1_27' title="bbox 260 3516 884 3582; baseline -0.008 0"><span class='ocrx_word' id='word_1_147' title='bbox 260 3524 285 3581; x_wconf 89' lang='lat' dir='ltr'>si</span> <span class='ocrx_word' id='word_1_148' title='bbox 298 3524 350 3582; x_wconf 90' lang='lat' dir='ltr'>tibi</span> <span class='ocrx_word' id='word_1_149' title='bbox 364 3524 437 3582; x_wconf 89' lang='lat' dir='ltr'>sorte</span> <span class='ocrx_word' id='word_1_150' title='bbox 452 3523 582 3579; x_wconf 90' lang='lat' dir='ltr'>animum</span> <span class='ocrx_word' id='word_1_151' title='bbox 596 3521 645 3578; x_wconf 88' lang='lat' dir='ltr'>tali</span> <span class='ocrx_word' id='word_1_152' title='bbox 657 3516 770 3578; x_wconf 70' lang='lat' dir='ltr'>ratione</span> <span class='ocrx_word' id='word_1_153' title='bbox 784 3530 884 3577; x_wconf 87' lang='lat' dir='ltr'>tenere</span> 
     </span>
    </p>
   </div>
   <div class='ocr_carea' id='block_1_6' title="bbox 1136 3270 1167 3303">
    <p class='ocr_par' dir='ltr' id='par_1_14' title="bbox 1136 3270 1167 3303">
     <span class='ocr_line' id='line_1_28' title="bbox 1136 3270 1167 3303; baseline 0 0"><span class='ocrx_word' id='word_1_154' title='bbox 1136 3270 1167 3303; x_wconf 89' lang='lat'>20</span> 
     </span>
    </p>
   </div>
   <div class='ocr_carea' id='block_1_7' title="bbox 0 0 1400 4025">
    <p class='ocr_par' dir='ltr' id='par_1_15' title="bbox 0 0 1400 4025">
     <span class='ocr_line' id='line_1_29' title="bbox 0 0 1400 4025; baseline 0 4"><span class='ocrx_word' id='word_1_155' title='bbox 0 0 1400 4025; x_wconf 95' lang='lat' dir='ltr'> </span> 
     </span>
    </p>
   </div>
  </div>
 </body>
</html>
