2792 4025
258 251 300 318 50
596 250 827 303 LUCRETIUS
1103 249 1160 318 [11.

255 430 316 471 non
330 411 447 487 poterit,
461 428 568 485 neque,
579 409 661 485 quod
676 419 816 484 superest,
831 426 1019 484 procrescere
1032 408 1139 485 alique.
1190 443 1193 448 -

255 503 365 578 quippe
381 502 489 561 etenim
504 519 616 559 sumam
631 500 688 557 hoc
703 518 822 575 quoque
837 500 878 558 uti
892 500 973 558 finita
987 519 1040 575 per
1053 519 1143 558 omne

255 611 379 669 corpora
393 593 491 650 iactari
505 592 590 650 unius
604 591 741 666 genitalia
754 592 805 662 rei,

255 685 334 742 unde
349 685 399 742 ubi
414 702 473 758 qua
485 684 513 741 vi
528 693 557 740 et
571 700 631 757 quo
645 692 734 758 pacto
749 700 905 756 congressa
919 683 1040 742 coibunt

255 775 392 832 materiae
407 784 488 832 tanto
504 775 534 832 in
548 773 652 848 pelago
667 773 813 847 turbaque
824 773 938 830 aliena?
1112 791 1161 844 550

254 883 324 934 non,
339 874 371 922 ut
384 865 497 940 opinor,
513 865 622 922 habent
636 864 779 921 rationem
795 863 991 937 conciliandi;

254 954 307 1013 sed
321 956 403 1029 quasi
417 956 570 1030 naufragiis
588 955 700 1030 magnis
714 954 870 1028 multisque
885 955 992 1012 coortis

254 1044 406 1103 disiectare
421 1046 495 1104 solet
508 1064 647 1120 magnum
661 1064 740 1102 mare
755 1054 877 1103 transtra
890 1045 1021 1119 gubema

253 1146 405 1193 antemnas
419 1154 536 1211 proram
551 1136 643 1193 malos
656 1146 815 1210 tonsasque
829 1136 963 1207 natantis

252 1241 305 1299 per
319 1233 456 1284 terrarum
471 1226 566 1284 omnis
581 1244 646 1283 oras
661 1225 802 1282 fluitantia
816 1225 943 1300 aplustra
1110 1242 1157 1295 555

251 1324 284 1372 ut
297 1315 450 1373 videantur
464 1326 493 1373 et
507 1316 648 1374 indicium
662 1316 830 1374 mortalibus
845 1316 943 1388 edant,

252 1406 334 1464 infidi
348 1408 432 1464 maris
448 1406 565 1465 insidias
579 1407 705 1481 virisque
720 1406 882 1481 dolumque

251 1506 284 1553 ut
296 1497 384 1554 vitare
399 1497 495 1562 velint,
509 1515 584 1554 neve
598 1497 657 1554 ullo
672 1506 808 1571 tempore
822 1496 953 1568 credant,

251 1586 374 1645 subdola
388 1605 455 1644 cum
469 1586 544 1644 ridet
558 1586 665 1662 placidi
679 1587 805 1662 pellacia
818 1588 910 1662 ponti,

250 1677 293 1734 sic
307 1677 359 1735 tibi
373 1678 397 1734 si
411 1678 492 1734 finita
506 1678 596 1735 semel
610 1678 770 1751 primordia
783 1677 930 1752 quaedam
1109 1685 1158 1750 56ο

250 1768 419 1840 constitues,
435 1785 538 1826 aevom
554 1766 705 1826 debebunt
718 1787 817 1843 sparsa
830 1787 883 1844 per
897 1787 1016 1827 omnem

250 1856 403 1916 disiectare
418 1868 514 1916 aestus
528 1857 633 1916 diversi
647 1859 787 1930 materiai,

250 1970 411 2029 numquam
426 1953 455 2010 in
470 1953 627 2011 concilium
642 1963 673 2011 ut
688 1954 800 2028 possint
814 1952 967 2028 compulsa
980 1953 1060 2011 coire

247 2062 305 2101 nec
319 2044 455 2102 remorari
469 2045 499 2101 in
514 2045 638 2103 concilio
653 2062 710 2102 nec
725 2062 855 2102 crescere
870 2044 995 2101 adaucta
1007 2065 1015 2115 ;

248 2151 374 2208 quorum
387 2144 541 2209 utrumque
556 2135 652 2210 palam
666 2135 728 2192 fieri
743 2135 896 2192 manifesta
905 2135 999 2192 'docet
1012 2152 1068 2203 res,
1104 2141 1153 2205 565

247 2235 278 2282 et
291 2243 337 2282 res
351 2226 484 2300 progigni
499 2235 528 2282 et
542 2227 654 2300 genitas
668 2243 855 2299 procrescere
871 2242 967 2299 posse.

248 2333 311 2372 esse
326 2316 414 2390 igitur
427 2334 534 2390 genere
549 2316 579 2373 in
594 2316 696 2390 quovis
712 2315 872 2391 primordia
885 2333 981 2372 rerum

246 2405 360 2463 infinita
373 2407 468 2480 palam
483 2415 527 2464 est
541 2406 622 2464 unde
635 2407 735 2464 omnia
749 2405 980 2479 suppeditantur.

287 2496 353 2554 Nec
368 2514 502 2571 superare
517 2506 629 2571 queunt
643 2506 740 2554 motus
754 2497 852 2569 itaque
867 2495 995 2553 exitiales

246 2595 388 2660 perpetuo
401 2604 498 2661 neque
513 2587 543 2643 in
559 2596 709 2644 aeternum
723 2587 846 2659 sepelire
860 2586 992 2656 salutem,
1106 2604 1154 2657 570

245 2693 302 2732 nec
316 2694 403 2751 porro
417 2695 512 2734 rerum
527 2677 667 2751 genitales
682 2677 868 2750 auctificique

245 2775 343 2823 motus
357 2776 501 2842 perpetuo
516 2777 639 2842 possunt
653 2785 766 2824 servare
781 2777 887 2824 creata.

245 2855 287 2913 sic
301 2874 397 2930 aequo
411 2857 519 2931 geritur
532 2858 690 2914 certamine
706 2857 916 2931 principiorum

245 2963 282 3003 ex
296 2947 409 3005 infinito
423 2957 606 3005 contractum
621 2958 756 3021 tempore
770 2948 877 3005 bellum
891 2969 897 3004 ε

244 3056 323 3095 nunc
338 3040 387 3096 hic
402 3058 480 3097 nunc
495 3040 552 3097 illic
568 3049 706 3114 superant
719 3040 815 3096 vitalia
828 3058 924 3097 rerum
1099 3057 1150 3113 575

244 3138 274 3186 et
288 3140 459 3205 superantur
473 3131 552 3188 item.
575 3130 712 3187 miscetur
726 3130 827 3186 sunere
842 3148 931 3204 vagor

244 3238 332 3295 quem
346 3221 428 3296 pueri
443 3220 547 3278 tollunt
560 3220 677 3277 visentis
693 3220 809 3277 luminis
823 3237 887 3277 oras
900 3240 907 3291 ;

243 3327 300 3367 nec
313 3329 373 3368 nox
387 3311 444 3368 ulla
458 3309 537 3367 diem
552 3327 649 3383 neque
665 3319 785 3366 noctem
799 3327 903 3366 aurora
916 3320 1043 3369 secutast

243 3417 319 3473 quae
334 3418 395 3458 non
410 3399 533 3457 audierit
547 3400 653 3457 mixtos
667 3399 809 3472 vagitibus
824 3399 917 3474 aegris

243 3490 371 3565 ploratus
386 3490 485 3548 mortis
499 3490 622 3549 comites
636 3499 667 3548 et
680 3489 787 3547 funeris
801 3489 864 3548 atri.
