2792 4025
221 268 291 337 vn]
466 269 522 322 na
547 269 693 323 RERUM
720 270 892 325 NATURA
1068 274 1129 338 203

222 430 297 503 aera,
311 428 364 505 qui
376 429 452 488 inter
466 429 527 489 avis
541 440 696 506 cumquest
709 440 873 508 terramque
887 432 1009 505 locatus,

222 520 367 591 discutiat,
382 538 475 595 prope
488 521 532 578 uti
545 522 627 579 locus
641 521 689 579 hic
704 523 850 598 linquatur
863 523 966 582 inanis

222 611 304 669 cuius
318 612 369 669 ubi
383 629 400 670 e
413 612 532 686 regione
547 612 604 670 loci
618 630 724 670 venere
738 614 879 685 volantes

222 700 367 760 claudicat
380 702 529 777 extemplo
542 702 695 777 pinnarum
708 704 788 763 nisus
802 704 895 763 inanis

222 801 252 849 et
265 810 410 850 conamen
425 792 569 868 utrimque
583 793 692 850 alarum
706 794 839 868 proditur
852 812 950 854 omne.

222 882 270 940 hic
284 883 334 941 ubi
347 882 439 940 nixari
452 895 602 957 nequeunt
617 883 806 959 insistereque
821 885 881 958 alis,

221 973 331 1031 scilicet
345 973 492 1031 interram
506 973 604 1031 delabi
618 973 749 1049 pondere
764 975 844 1051 cogit

222 1073 333 1135 natura,
348 1072 377 1121 et
391 1082 517 1121 vacuum
530 1081 624 1139 prope
638 1064 696 1122 iam
710 1083 763 1140 per
777 1065 862 1124 inane
878 1065 1006 1125 iacentes

222 1155 393 1230 dispergunt
406 1154 517 1213 animas
531 1172 584 1230 per
597 1154 695 1213 caulas
710 1156 840 1231 corporis
855 1155 960 1215 omnis.

670 1248 688 1281 ⁵

222 1334 351 1410 frigidior
363 1353 451 1410 porro
465 1334 496 1394 in
510 1335 605 1410 puteis
619 1345 730 1394 aestate
744 1335 778 1393 fit
791 1354 885 1409 umor,

222 1426 340 1483 rarescit
354 1426 422 1501 quia
436 1435 510 1484 terra
523 1426 620 1485 calore
634 1436 664 1484 et
678 1427 790 1484 semina
804 1428 905 1501 siquae

222 1516 296 1574 forte
307 1516 422 1592 vaporis
438 1515 527 1575 habet
540 1518 660 1592 proprii,
675 1517 794 1575 dimittit
809 1518 838 1575 in
853 1534 946 1575 auras.

222 1624 282 1681 quo
296 1607 387 1682 magis
401 1616 445 1664 est
457 1606 544 1682 igitur
557 1607 641 1665 tellus
655 1607 742 1665 effeta
756 1608 862 1680 calore,

221 1698 255 1755 fit
268 1715 387 1773 quoque
402 1698 531 1773 frigidior
544 1698 595 1772 qui
609 1698 639 1757 in
652 1708 755 1756 terrast
768 1697 884 1757 abditus
898 1715 993 1756 umor.

221 1789 326 1865 frigore
341 1809 410 1848 cum
423 1792 564 1866 premitur
577 1809 665 1866 porro
679 1792 775 1849 omnis
789 1800 864 1849 terra
878 1791 997 1865 coitque

222 1889 252 1938 et
266 1882 348 1955 quasi
362 1882 534 1954 concrescit,
549 1882 582 1939 fit
595 1883 707 1940 scilicet
720 1891 752 1939 ut
766 1880 905 1939 coeundo

222 1972 365 2046 exprimat
379 1972 409 2031 in
422 1982 527 2048 puteos
541 1972 565 2031 si
579 1990 668 2049 quem
682 1973 755 2048 gerit
768 1972 831 2048 ipsa
844 1972 982 2030 calorem.

264 2063 336 2119 Esse
351 2062 430 2138 apud
445 2064 623 2122 Hammonis
636 2064 737 2121 fanum
751 2064 816 2120 fons
830 2063 895 2120 luce
910 2062 1015 2120 diuma

222 2151 342 2228 frigidus
356 2163 386 2210 et
399 2153 510 2210 calidus
524 2162 669 2211 nocturno
684 2163 816 2227 tempore
831 2154 929 2212 fertur.

223 2242 302 2301 hunc
317 2243 450 2301 homines
464 2243 576 2301 fontem
589 2244 676 2301 nimis
689 2242 869 2302 admirantur
882 2252 912 2301 et
925 2243 984 2300 acri
1078 2251 1128 2314 850

224 2333 285 2391 sole
299 2343 404 2409 putant
416 2343 517 2408 supter
530 2343 620 2392 terras
634 2335 795 2391 fervescere
808 2333 924 2408 raptim,

223 2442 285 2482 uox
297 2424 348 2483 ubi
361 2424 478 2482 terribili
492 2433 581 2482 terras
594 2425 717 2500 caligine
732 2424 813 2483 texit.

224 2513 307 2590 quod
319 2515 406 2573 nimis
419 2523 545 2572 averast
558 2515 645 2590 longe
659 2515 771 2573 ratione
785 2522 941 2572 remotum.
1096 2587 1098 2592 Ι

224 2604 334 2681 quippe
349 2606 398 2663 ubi
413 2605 457 2663 sol
470 2603 583 2663 nudum
597 2615 782 2663 contractans
796 2622 904 2679 corpus
918 2604 1004 2678 aquai

224 2714 286 2755 non
300 2696 405 2770 quierit
418 2695 546 2754 calidum
561 2714 666 2771 supera
680 2695 718 2754 de
733 2694 857 2754 reddere
871 2704 963 2770 parte,

202 2784 204 2788 ’
225 2804 294 2844 cum
309 2804 446 2862 supenrm
460 2786 560 2844 lumen
574 2796 656 2845 tanto
670 2787 781 2844 fervore
797 2786 914 2861 fruatur,

225 2877 277 2952 qui
290 2887 378 2952 queat
392 2877 440 2935 hic
454 2887 554 2952 supter
567 2886 627 2934 tam
641 2895 739 2934 crasso
754 2894 876 2952 corpore
891 2886 997 2934 terram

225 2985 407 3042 percoquere
422 2986 555 3026 umorem
569 2977 600 3026 et
613 2967 710 3025 calido
725 2968 827 3025 satiare
841 2967 971 3042 vapore?

225 3058 395 3133 praesertim
410 3076 479 3115 cum
494 3059 542 3115 vix
555 3058 647 3133 possit
660 3075 714 3133 per
727 3065 829 3133 saepta
842 3056 1000 3115 domorum

225 3147 371 3206 insinuare
385 3167 470 3207 suum
483 3148 571 3207 radiis
586 3148 754 3207 ardentibus
768 3157 891 3207 aestum.
1083 3151 1132 3203 860

227 3256 303 3312 quae
317 3239 417 3296 ratiost
431 3239 535 3314 igitur?
551 3238 688 3297 nimirum
703 3248 777 3296 terra
792 3239 883 3313 magis
898 3237 980 3313 quod

226 3347 290 3387 rara
302 3338 383 3404 tepet
397 3330 506 3386 circum
521 3331 633 3388 fontem
646 3347 736 3405 quam
751 3341 848 3386 cetera
861 3329 945 3386 tellus

226 3419 376 3495 multaque
390 3430 458 3478 sunt
471 3421 544 3496 ignis
557 3438 651 3500 prope
664 3421 777 3478 semina
790 3438 896 3494 corpus
910 3417 1006 3494 aquai.

226 3509 286 3570 hoc
299 3510 350 3570 ubi
363 3510 486 3570 roriferis
500 3520 605 3570 terram
622 3529 682 3570 uox
696 3511 792 3570 obruit
806 3510 924 3583 umbris,
