2792 4025
221 288 273 360 V.]
463 286 518 340 DE
545 286 691 340 RERUM
720 286 891 340 NATURA
1067 274 1125 355 163

218 450 384 526 barbigeras
398 449 539 525 pecudes,
554 450 665 508 homini
678 468 754 525 quae
769 460 813 509 est
825 468 892 509 acre
906 468 1063 511 venenum.
1078 474 1128 527 900

220 541 338 599 flamma
351 540 471 616 quidem
485 559 556 599 vero
570 559 637 599 cum
652 559 778 616 corpora
791 541 868 599 fulva
881 542 1001 601 leonum

219 641 279 689 tam
294 632 385 690 soleat
399 641 507 689 torrere
522 640 609 705 atque
624 649 707 688 urere
720 649 810 705 quam
824 649 917 706 genus
931 651 1020 692 omne

219 722 336 781 visceris
351 722 381 779 in
394 722 476 779 terris
491 720 702 796 quodcumque
717 731 747 779 et
760 722 908 798 sanguinis
922 734 1011 797 extet,

220 812 271 886 qui
285 812 347 869 fieri
360 812 464 887 potuit,
480 812 583 887 triplici
597 830 665 869 curn
680 829 805 887 corpore
820 824 853 871 ut
866 832 933 886 una,

219 902 313 978 prima
326 903 382 973 leo,
397 910 546 977 postrema
559 900 659 972 draco,
675 902 774 961 media
787 904 858 978 ipsa,
874 904 1029 963 Chimaera
1077 924 1125 979 905

219 1011 270 1050 ore
285 994 359 1050 foras
373 1009 470 1049 acrem
486 991 567 1048 flaret
581 990 619 1049 de
634 1010 758 1067 corpore
773 992 941 1052 flammam?

219 1100 308 1157 quare
324 1083 412 1140 etiam
428 1082 528 1139 tellure
543 1100 621 1139 nova
633 1083 775 1157 caeloque
789 1084 901 1141 recenti

219 1173 287 1230 talia
300 1173 350 1247 qui
364 1172 447 1247 fingit
460 1171 590 1246 potuisse
605 1172 740 1230 animalia
753 1173 842 1248 gigni,

219 1264 303 1321 nixus
317 1264 347 1320 in
361 1262 418 1320 hoc
432 1279 493 1319 uno
507 1263 641 1321 novitatis
655 1264 775 1321 nomine
790 1262 878 1334 inani,

218 1353 310 1411 multa
323 1353 391 1410 licet
405 1351 490 1409 simili
504 1353 615 1411 ratione
629 1353 741 1411 effutiat
755 1370 815 1427 ore,
1077 1374 1127 1427 910

218 1461 306 1501 aurea
319 1452 382 1499 tum
395 1441 475 1501 dicat
490 1461 543 1519 per
556 1453 645 1502 terras
659 1444 779 1502 flumina
791 1443 879 1519 vulgo

218 1532 335 1590 fluxisse
349 1542 379 1590 et
392 1534 514 1608 gemmis
528 1534 631 1592 florere
645 1534 762 1593 arbusta
775 1534 876 1593 subsse

219 1632 269 1681 aut
283 1623 432 1682 hominem
448 1634 529 1683 tanto
543 1625 744 1684 membrorum
758 1643 822 1684 esse
836 1624 946 1699 impete
959 1632 1070 1695 natum,

219 1724 298 1773 trans
312 1715 402 1772 maria
415 1715 472 1773 alta
485 1714 597 1790 pedum
610 1716 689 1775 nisus
703 1724 735 1773 ut
749 1732 859 1789 ponere
874 1726 974 1790 posset

220 1813 250 1863 et
264 1806 397 1863 manibus
411 1814 505 1863 totum
520 1806 630 1863 circum
644 1824 675 1865 se
690 1814 801 1863 vertere
815 1805 939 1863 caelum.
1078 1824 1108 1876 91
1112 1820 1126 1875 5

172 1930 175 1934 f
219 1914 289 1953 nam
303 1895 385 1970 quod
398 1896 490 1953 multa
503 1896 582 1954 suere
596 1897 627 1953 in
641 1896 722 1954 terris
736 1895 848 1955 semina
861 1913 957 1953 rerum

219 1995 352 2062 tempore
366 2003 427 2062 quo
441 1986 568 2061 primum
582 1985 664 2045 tellus
679 1985 815 2044 animalia
826 1984 909 2058 fudit,

219 2077 260 2134 nil
274 2087 373 2134 tamen
387 2085 431 2134 est
445 2076 519 2151 signi
533 2076 637 2133 mixtas
650 2076 780 2150 potuisse
795 2076 887 2133 creari

219 2167 295 2225 inter
308 2184 339 2224 se
353 2165 486 2241 pecudes
500 2175 715 2240 compactaque
730 2165 861 2224 membra
874 2166 1065 2236 animantum,

220 2267 376 2334 propterea
389 2257 458 2332 quia
467 2273 543 2331 quae
555 2254 593 2313 de
605 2256 686 2313 terris
697 2274 777 2313 nunc
787 2272 906 2329 quoque
915 2253 1065 2312 abundant
1078 2274 1127 2326 920

220 2347 373 2406 herbarum
388 2364 496 2423 genera
508 2365 545 2404 ac
559 2345 654 2421 fruges
668 2345 843 2418 arbustaque
857 2345 933 2402 laeta

219 2456 279 2496 non
294 2448 393 2496 tamen
407 2438 483 2496 inter
496 2454 527 2495 se
542 2446 665 2512 possunt
679 2435 834 2510 complexa
848 2434 948 2506 creari,

220 2527 273 2587 sed
286 2546 332 2587 res
346 2545 481 2603 quaeque
495 2545 548 2585 suo
563 2527 617 2584 ritu
631 2525 767 2600 procedit
780 2535 810 2583 et
824 2542 928 2584 omnes

220 2617 338 2677 foedere
351 2627 470 2676 naturae
485 2627 566 2675 certo
580 2615 749 2674 discrimina
762 2624 884 2674 servant.
1096 2669 1126 2684 „

259 2710 298 2766 At
310 2726 403 2783 genus
416 2708 577 2765 humanum
591 2707 684 2764 multo
698 2706 751 2764 fuit
765 2705 835 2764 illud
850 2706 879 2763 in
894 2705 967 2764 arvis
1078 2721 1126 2776 9²5

220 2798 328 2870 duriuS,
341 2808 374 2857 ut
387 2798 496 2872 decuit,
510 2799 594 2856 tellus
608 2795 690 2872 quod
705 2796 777 2854 dura
791 2806 926 2867 creasset,

220 2898 250 2948 et
264 2889 419 2948 maioribus
434 2900 464 2947 et
477 2888 576 2948 solidis
590 2888 682 2963 magis
696 2888 810 2946 ossibus
825 2887 902 2945 intus

220 2980 381 3051 fundatum,
395 2979 498 3039 validis
512 2988 614 3054 aptum
627 2997 681 3053 per
693 2978 805 3036 viscera
818 2977 922 3050 nerviS,

219 3089 276 3128 nec
289 3071 373 3129 facile
388 3089 425 3128 ex
439 3079 520 3128 aestu
534 3056 591 3127 ricc
605 3069 709 3144 frigore
724 3068 806 3143 quod
821 3077 974 3143 caperetur

139 3197 141 3201 ·
220 3179 277 3218 nec
290 3161 419 3219 novitate
433 3161 491 3219 cibi
505 3177 562 3218 nec
576 3160 634 3218 labi
647 3159 778 3234 corporis
793 3158 857 3216 ulla
1076 3176 1126 3229 930

220 3252 368 3326 multaque
383 3268 436 3326 per
450 3250 564 3308 caelum
578 3250 646 3308 solis
659 3249 805 3307 volventia
818 3248 906 3306 lustra

219 3342 370 3418 volgivago
382 3341 472 3400 vitani
485 3339 647 3398 tractabant
660 3358 741 3397 more
756 3340 889 3397 serarum.

219 3451 276 3492 nec
289 3432 425 3491 robustus
439 3440 500 3488 erat
514 3430 594 3488 curvi
608 3429 776 3487 moderator
789 3429 874 3486 aratri

220 3523 385 3598 quisquam,
399 3539 456 3580 nec
470 3521 564 3580 scibat
578 3521 653 3580 ferro
667 3519 795 3578 molirier
808 3537 877 3576 arva
