2792 4025
222 303 279 376 ῙῙ.]
461 302 517 355 DE
544 303 690 357 RERUM
718 302 893 359 NATURA
1087 308 1130 374 37

221 468 447 542 inmensumque
461 475 560 543 patere
575 467 606 525 in
619 475 740 526 cunctas
753 467 885 543 undique
900 468 989 545 partis

221 558 350 634 pluribus
364 556 481 617 ostendi
496 567 526 615 et
539 567 619 615 certa
631 559 744 616 ratione
757 559 950 634 probatumst

221 647 303 724 quod
317 649 456 724 quoniam
470 656 593 720 constat,
607 647 745 706 nimirum
758 649 838 707 nulla
851 650 934 724 quies
948 659 993 709 est
1094 669 1126 724 95

219 738 336 798 reddita
349 739 519 814 corporibus
533 738 633 813 primis
646 756 701 814 per
713 739 801 797 inane
815 739 1006 815 profundum,

220 828 274 889 sed
288 830 379 904 magis
394 827 518 887 adsiduo
531 829 669 903 varioque
684 830 813 887 exercita
825 840 908 890 motu

219 920 324 996 partim
339 919 492 977 intervallis
506 919 617 993 magnis
632 918 761 977 confulta
773 921 922 993 resultant,

220 1028 286 1086 pars
300 1009 388 1068 etiam
401 1009 537 1069 brevibus
551 1009 650 1083 spatiis
663 1019 804 1067 vexantur
816 1011 854 1069 ab
868 1011 939 1071 ictu.

220 1108 251 1158 et
264 1117 468 1175 quaecumque
482 1099 575 1174 magis
589 1097 742 1158 condenso
757 1101 914 1161 conciliatu
1081 1124 1127 1160 100

220 1191 330 1266 exiguis
344 1190 498 1248 intervallis
512 1198 655 1247 convecta
667 1190 816 1263 resultant,

219 1280 391 1357 indupedita
404 1280 462 1339 suis
476 1279 621 1355 perplexis
635 1279 700 1354 ipsa
713 1280 820 1356 figuris,

219 1372 294 1430 haec
306 1370 416 1430 validas
430 1371 492 1429 saxi
506 1368 620 1428 radices
634 1379 664 1428 et
678 1371 739 1429 fera
752 1371 819 1429 ferri

219 1479 343 1537 corpora
357 1462 536 1520 constituunt
550 1469 580 1518 et
594 1469 692 1519 cetera
706 1460 744 1519 de
758 1479 866 1537 genere
880 1462 984 1520 horum

219 1553 344 1628 paucula
356 1570 431 1627 quae
446 1569 533 1627 porro
547 1569 686 1626 magnum
700 1569 754 1627 per
766 1552 853 1610 inane
867 1563 1016 1629 vagantur.

220 1651 317 1701 cetera
329 1642 473 1701 dissiliunt
486 1642 573 1717 longe
588 1642 736 1718 longeque
749 1653 902 1702 recursant

218 1733 249 1791 in
262 1734 375 1809 magnis
389 1733 560 1791 intervallis:
584 1731 656 1790 haec
671 1733 739 1791 aera
751 1752 847 1792 rarum

219 1823 365 1882 sufficiunt
378 1822 463 1882 nobis
477 1832 508 1881 et
521 1821 676 1897 splendida
688 1822 799 1881 lumina
812 1824 890 1884 solis.

218 1914 367 1988 multaque
381 1922 531 1989 praeterea
543 1931 682 1988 magnum
696 1931 750 1989 per
763 1914 849 1973 inane
862 1925 1012 1990 vagantur,

217 2004 349 2065 conciliis
362 2023 459 2063 rerum
472 2022 548 2079 quae
563 2014 630 2062 sunt
643 2004 752 2063 reiecta
765 2024 822 2064 nec
836 2024 960 2081 usquam
1076 2028 1123 2064 rro

218 2096 387 2155 consociare
402 2095 490 2153 etiam
503 2104 600 2153 motus
614 2104 737 2170 potuere
751 2105 880 2172 recepta.

216 2186 310 2257 cuius,
324 2185 366 2244 uti
380 2203 522 2257 memor0,
536 2185 578 2243 rei
592 2185 777 2243 simulacrum
792 2196 822 2244 et
835 2186 932 2261 imago

217 2286 286 2336 ante
301 2275 404 2335 oculos
418 2293 535 2350 semper
547 2276 633 2335 nobis
646 2286 776 2335 versatur
788 2286 819 2334 et
832 2277 927 2335 instat.

216 2366 431 2443 contemplator
444 2366 532 2438 enim,
547 2384 615 2423 cum
630 2366 697 2425 solis
712 2366 821 2424 lumina
834 2385 962 2442 cumque

215 2458 315 2517 inserti
329 2456 455 2517 lundunt
467 2456 541 2516 radii
555 2474 608 2533 per
622 2473 718 2532 opaca
731 2456 905 2515 domorum:

215 2549 307 2607 multa
319 2549 432 2607 minuta
445 2546 541 2606 modis
555 2546 652 2605 multis
666 2564 720 2622 per
733 2547 821 2606 inane
834 2547 946 2606 videbis

215 2657 340 2715 corpora
353 2638 468 2697 misceri
482 2636 630 2696 radiorum
644 2638 754 2696 lumine
768 2638 799 2695 in
813 2638 878 2713 ipso

215 2739 245 2787 et
257 2730 337 2788 velut
350 2740 470 2788 aeterno
484 2728 643 2786 certamine
657 2728 768 2803 proelia
782 2746 895 2803 pugnas

214 2819 302 2878 edere
317 2820 463 2877 turmatim
478 2818 617 2877 certantia
631 2836 687 2876 nec
703 2817 773 2876 dare
787 2837 918 2893 pausam,

214 2910 345 2968 conciliis
358 2919 389 2968 et
402 2908 531 2968 discidiis
546 2908 674 2967 exercita
686 2909 795 2968 crebris
806 2930 815 2981 3

213 3000 349 3058 conicere
364 3010 396 3058 ut
409 3000 502 3076 possis
516 3018 553 3058 ex
566 2999 633 3072 hoc,
647 2998 807 3075 primordia
819 3017 916 3060 rerum

214 3090 299 3164 quale
314 3090 350 3148 sit
364 3090 394 3147 in
407 3108 516 3165 magno
531 3090 630 3148 iactari
644 3108 762 3166 semper
774 3089 863 3149 inani.

214 3179 365 3238 dumtaxat
377 3198 473 3238 rerum
487 3199 657 3256 magnarum
671 3198 760 3256 parva
772 3189 871 3258 potest
882 3198 930 3240 res

213 3270 379 3345 exemplare
393 3270 462 3328 dare
478 3280 507 3329 et
520 3271 641 3346 vestigia
653 3270 776 3330 notitiai.

212 3360 271 3418 hoc
285 3360 373 3417 etiam
387 3360 478 3436 magis
492 3360 566 3418 haec
579 3361 711 3419 animum
723 3372 753 3419 te
767 3359 918 3419 advertere
932 3379 986 3437 par
998 3371 1042 3419 est
1069 3380 1113 3432 125

213 3467 337 3526 corpora
351 3468 427 3525 quae
441 3451 472 3508 in
486 3450 553 3509 solis
566 3450 653 3509 radiis
667 3450 783 3509 turbare
796 3449 940 3525 videntur,

212 3539 296 3616 quod
308 3540 380 3600 tales
394 3540 495 3601 turbae
510 3550 607 3601 motus
620 3558 740 3617 quoque
754 3540 885 3601 materiai
