2792 4025
256 242 317 319 148
588 252 821 308 nucnanus

252 416 323 474 haut
336 416 422 491 igitur
434 415 484 473 leti
497 415 648 489 praeclusa
662 424 707 473 est
720 414 808 473 ianua
821 414 905 473 caelo

251 525 308 564 nec
322 506 376 564 soli
390 515 542 580 terraeque
556 523 654 580 neque
667 506 732 563 altis
746 506 882 580 aequoris
895 504 991 579 undis,

250 596 305 655 sed
319 605 400 672 patet
413 596 532 655 immani
546 605 577 653 et
589 604 672 653 vasto
685 606 831 670 respectat
845 595 935 654 hiatu.
1111 612 1158 667 375

251 705 341 761 quare
355 686 443 743 etiam
457 686 554 743 nativa
566 695 749 744 necessumst
762 686 920 743 confiteare

252 777 325 835 haec
339 775 465 848 eadem3
486 794 583 850 neque
598 776 687 842 enim,
702 776 815 833 mortali
830 793 953 851 corpore
967 785 1133 851 quaesunt,

252 885 290 924 ex
303 867 417 924 infinito
431 867 489 924 iam
503 876 637 941 tempore
651 865 750 924 adhuc
765 867 928 941 potuissent

251 957 376 1015 inmensi
389 955 498 1014 validas
512 956 576 1013 aevi
590 965 781 1014 contemnere
796 957 879 1014 vires.

293 1046 431 1121 Denique
444 1056 599 1121 tantopere
613 1047 689 1103 inter
703 1064 734 1103 se
749 1064 819 1103 cum
832 1045 960 1104 maxima
973 1044 1076 1103 mundi
1111 1052 1160 1115 380

251 1146 383 1211 pugnent
396 1136 537 1207 membra,
552 1136 605 1210 pio
618 1153 806 1211 nequaquam
820 1136 938 1193 concita
951 1135 1039 1207 bellu,

251 1244 351 1284 nonne
364 1225 447 1283 vides
461 1226 589 1299 aliquam
603 1226 682 1301 longi
695 1226 862 1283 certaminis
876 1226 940 1283 ollis

251 1334 339 1391 posse
353 1314 416 1373 dari
430 1316 541 1375 finem?
560 1316 606 1374 vel
620 1334 689 1373 cum
703 1316 748 1374 sol
762 1325 792 1374 et
805 1334 897 1390 vapor
910 1316 1006 1374 omnis

251 1407 389 1465 omnibus
402 1407 499 1482 epotis
512 1407 661 1465 umoribus
675 1406 876 1481 exsuperarint
889 1427 895 1464 ฮน

251 1495 334 1571 quod
343 1498 438 1555 facere
445 1496 609 1568 intendunt,
615 1514 713 1571 neque
721 1496 818 1555 adhuc
825 1505 931 1554 conata
938 1505 1085 1571 patrantur
1096 1500 1159 1567 :383

251 1597 366 1644 tantum
381 1586 570 1661 suppeditant
583 1606 686 1646 amnes
700 1588 831 1661 ultraque
846 1586 992 1645 minantur

252 1678 352 1735 omnia
366 1675 506 1734 diluviare
520 1695 558 1735 ex
571 1678 630 1735 alto
644 1677 757 1752 gurgite
772 1676 865 1751 ponti,

252 1769 442 1842 nequiquam,
456 1769 596 1842 quoniam
610 1778 757 1826 verrentes
771 1785 899 1842 aequora
911 1768 992 1827 venti

253 1858 427 1917 deminuunt
441 1858 587 1934 radiisque
601 1870 737 1918 retexens
750 1858 894 1917 aetherius
909 1859 963 1932 sol,

253 1959 284 2007 et
297 1949 406 2007 siccare
420 1949 499 2024 prius
513 1949 668 2007 confidunt
681 1949 781 2007 onmia
795 1967 881 2024 posse

253 2059 342 2115 quam
356 2040 451 2115 liquor
464 2041 575 2116 incepti
588 2041 680 2115 possit
694 2041 864 2116 contingere
878 2041 978 2099 finem.

252 2140 367 2188 tantum
381 2132 523 2205 spirantes
536 2149 633 2206 aequo
648 2131 805 2189 certamine
819 2131 928 2190 bellurn

252 2220 366 2295 magnis
380 2221 455 2279 inter
468 2239 500 2279 se
515 2220 552 2279 de
567 2223 653 2280 rebus
667 2238 787 2279 cernere
801 2231 923 2294 certant,

253 2330 323 2369 cum
337 2313 428 2368 semel
443 2313 552 2369 interea
566 2312 651 2370 fuerit
664 2312 846 2387 superantior
860 2312 934 2387 ignis

254 2411 284 2459 et
297 2403 397 2473 semel,
412 2411 444 2459 ut
457 2402 535 2459 fama
548 2411 601 2473 est,
616 2420 702 2460 umor
714 2403 839 2478 regnarit
854 2402 886 2460 in
898 2401 980 2460 arvis,

253 2492 327 2566 ignis
341 2492 419 2548 enim
434 2501 550 2566 superat
564 2501 594 2550 et
607 2492 738 2551 lambens
753 2494 843 2551 multa
857 2493 990 2568 perussit,

254 2581 319 2638 avia
332 2598 399 2637 cum
415 2581 598 2639 Pha'e'thonta
610 2600 700 2658 rapax
712 2583 756 2641 vis
768 2583 838 2640 solis
852 2599 994 2657 equorum

254 2671 372 2728 aethere
386 2673 508 2745 raptavit
521 2681 585 2730 toto
599 2681 747 2748 terrasque
762 2691 815 2748 per
829 2673 933 2730 omnis.

254 2770 285 2818 at
299 2770 382 2835 pater
395 2762 581 2837 omnipotens
596 2763 637 2821 ira
651 2774 716 2821 tum
729 2764 856 2837 percitus
870 2762 930 2820 acri

255 2852 473 2925 magnanimum
488 2853 673 2912 Phaethonta
685 2854 800 2928 repenti
815 2853 939 2911 fulminis
953 2853 1012 2910 ictu

256 2941 419 3000 deturbavit
434 2943 517 3016 equis
530 2944 561 3001 in
575 2954 690 3014 terram,
706 2943 808 3018 solque
823 2942 941 3001 cadenti

255 3031 359 3089 obvius
373 3041 520 3090 aeternam
535 3034 667 3108 succepit
681 3032 819 3108 lampada
833 3033 935 3090 mundi

257 3120 453 3197 disiectosque
468 3122 582 3198 redegit
596 3141 688 3198 equos
703 3123 854 3198 iunxitque
869 3123 1028 3192 trementis,

256 3210 326 3269 inde
340 3229 425 3270 suum
440 3232 493 3288 per
506 3214 560 3270 iter
573 3215 715 3272 recreavit
729 3223 836 3272 cuncta
849 3215 1023 3288 gubernant,

237 3367 240 3373 ยน
255 3301 367 3360 scilicet
381 3312 413 3360 ut
426 3314 538 3361 veteres
553 3304 673 3363 Graium
688 3305 823 3362 cecinere
838 3314 953 3379 poetae.

257 3391 340 3465 quod
354 3394 457 3468 procul
470 3413 489 3450 a
501 3412 570 3452 vera
582 3395 668 3451 nimis
682 3404 726 3452 est
739 3394 850 3452 ratione
864 3392 1021 3469 repulsum.

257 3481 333 3557 ignis
346 3482 426 3540 enim
439 3500 576 3558 superare
590 3492 688 3559 potest
701 3484 751 3544 ubi
765 3484 893 3542 materiai
