<?xml version="1.0" encoding="UTF-8"?>
<!DOCTYPE html PUBLIC "-//W3C//DTD XHTML 1.0 Transitional//EN"
    "http://www.w3.org/TR/xhtml1/DTD/xhtml1-transitional.dtd">
<html xmlns="http://www.w3.org/1999/xhtml" xml:lang="en" lang="en">
 <head>
  <title>
</title>
<meta http-equiv="Content-Type" content="text/html;charset=utf-8" />
  <meta name='ocr-system' content='tesseract 3.04.00' />
  <meta name='ocr-capabilities' content='ocr_page ocr_carea ocr_par ocr_line ocrx_word'/>
</head>
<body>
  <div class='ocr_page' id='page_1' title='image "./tlucreticarider01kelsgoog_0184.png"; bbox 0 0 2792 4025; ppageno 0'>
   <div class='ocr_carea' id='block_1_1' title="bbox 269 276 1168 349">
    <p class='ocr_par' dir='ltr' id='par_1_1' title="bbox 269 276 1168 349">
     <span class='ocr_line' id='line_1_1' title="bbox 269 276 1168 349; baseline -0.002 -16"><span class='ocrx_word' id='word_1_1' title='bbox 269 285 331 333; x_wconf 89' lang='lat'>120</span> <span class='ocrx_word' id='word_1_2' title='bbox 597 280 828 335; x_wconf 77' lang='lat' dir='ltr'>Lucnurius</span> <span class='ocrx_word' id='word_1_3' title='bbox 1101 276 1168 349; x_wconf 82' lang='lat' dir='ltr'>[iv.</span> 
     </span>
    </p>
   </div>
   <div class='ocr_carea' id='block_1_2' title="bbox 245 436 1174 3590">
    <p class='ocr_par' dir='ltr' id='par_1_2' title="bbox 264 436 1169 609">
     <span class='ocr_line' id='line_1_2' title="bbox 264 436 1169 519; baseline -0.003 -17"><span class='ocrx_word' id='word_1_4' title='bbox 264 462 333 502; x_wconf 92' lang='lat' dir='ltr'>nam</span> <span class='ocrx_word' id='word_1_5' title='bbox 347 445 463 519; x_wconf 84' lang='lat' dir='ltr'>penitus</span> <span class='ocrx_word' id='word_1_6' title='bbox 477 443 565 501; x_wconf 90' lang='lat' dir='ltr'>fluere</span> <span class='ocrx_word' id='word_1_7' title='bbox 579 451 667 517; x_wconf 88' lang='lat' dir='ltr'>atque</span> <span class='ocrx_word' id='word_1_8' title='bbox 681 440 821 499; x_wconf 88' lang='lat' dir='ltr'>recedere</span> <span class='ocrx_word' id='word_1_9' title='bbox 834 439 921 499; x_wconf 92' lang='lat' dir='ltr'>rebus</span> <span class='ocrx_word' id='word_1_10' title='bbox 934 436 1042 499; x_wconf 90' lang='lat' dir='ltr'>odores</span> <span class='ocrx_word' id='word_1_11' title='bbox 1120 446 1169 514; x_wconf 83' lang='lat'>695</span> 
     </span>
     <span class='ocr_line' id='line_1_3' title="bbox 264 530 1008 609; baseline -0.007 -17"><span class='ocrx_word' id='word_1_12' title='bbox 264 535 408 609; x_wconf 86' lang='lat' dir='ltr'>significat</span> <span class='ocrx_word' id='word_1_13' title='bbox 421 533 503 609; x_wconf 88' lang='lat' dir='ltr'>quod</span> <span class='ocrx_word' id='word_1_14' title='bbox 517 534 607 590; x_wconf 86' lang='lat' dir='ltr'>fracta</span> <span class='ocrx_word' id='word_1_15' title='bbox 620 533 712 607; x_wconf 85' lang='lat' dir='ltr'>magis</span> <span class='ocrx_word' id='word_1_16' title='bbox 726 530 858 589; x_wconf 88' lang='lat' dir='ltr'>redolere</span> <span class='ocrx_word' id='word_1_17' title='bbox 873 530 1008 588; x_wconf 89' lang='lat' dir='ltr'>videntur</span> 
     </span>
    </p>

    <p class='ocr_par' dir='ltr' id='par_1_3' title="bbox 265 620 1022 699">
     <span class='ocr_line' id='line_1_4' title="bbox 265 620 1022 699; baseline -0.004 -17"><span class='ocrx_word' id='word_1_18' title='bbox 265 626 372 697; x_wconf 88' lang='lat' dir='ltr'>omnia,</span> <span class='ocrx_word' id='word_1_19' title='bbox 388 623 470 699; x_wconf 91' lang='lat' dir='ltr'>quod</span> <span class='ocrx_word' id='word_1_20' title='bbox 484 624 618 696; x_wconf 88' lang='lat' dir='ltr'>contrita,</span> <span class='ocrx_word' id='word_1_21' title='bbox 634 622 716 696; x_wconf 92' lang='lat' dir='ltr'>quod</span> <span class='ocrx_word' id='word_1_22' title='bbox 730 622 789 697; x_wconf 84' lang='lat' dir='ltr'>igni</span> <span class='ocrx_word' id='word_1_23' title='bbox 803 620 1022 679; x_wconf 81' lang='lat' dir='ltr'>conlabefactat:</span> 
     </span>
    </p>

    <p class='ocr_par' dir='ltr' id='par_1_4' title="bbox 265 713 963 772">
     <span class='ocr_line' id='line_1_5' title="bbox 265 713 963 772; baseline -0.007 0"><span class='ocrx_word' id='word_1_24' title='bbox 265 714 373 772; x_wconf 88' lang='lat' dir='ltr'>deinde</span> <span class='ocrx_word' id='word_1_25' title='bbox 387 713 487 772; x_wconf 89' lang='lat' dir='ltr'>videre</span> <span class='ocrx_word' id='word_1_26' title='bbox 500 714 570 770; x_wconf 91' lang='lat' dir='ltr'>licet</span> <span class='ocrx_word' id='word_1_27' title='bbox 583 713 741 770; x_wconf 88' lang='lat' dir='ltr'>maioribus</span> <span class='ocrx_word' id='word_1_28' title='bbox 755 729 818 769; x_wconf 89' lang='lat' dir='ltr'>esse</span> <span class='ocrx_word' id='word_1_29' title='bbox 833 720 963 768; x_wconf 89' lang='lat' dir='ltr'>creatum</span> 
     </span>
    </p>

    <p class='ocr_par' dir='ltr' id='par_1_5' title="bbox 264 802 1085 880">
     <span class='ocr_line' id='line_1_6' title="bbox 264 802 1085 880; baseline -0.007 -18"><span class='ocrx_word' id='word_1_30' title='bbox 264 805 413 880; x_wconf 80' lang='lat' dir='ltr'>principiis</span> <span class='ocrx_word' id='word_1_31' title='bbox 428 822 518 879; x_wconf 90' lang='lat' dir='ltr'>quam</span> <span class='ocrx_word' id='word_1_32' title='bbox 531 821 596 873; x_wconf 89' lang='lat' dir='ltr'>vox,</span> <span class='ocrx_word' id='word_1_33' title='bbox 612 802 751 876; x_wconf 90' lang='lat' dir='ltr'>quoniam</span> <span class='ocrx_word' id='word_1_34' title='bbox 767 819 820 876; x_wconf 89' lang='lat' dir='ltr'>per</span> <span class='ocrx_word' id='word_1_35' title='bbox 833 818 921 859; x_wconf 84' lang='lat' dir='ltr'>saxea</span> <span class='ocrx_word' id='word_1_36' title='bbox 936 810 1037 875; x_wconf 90' lang='lat' dir='ltr'>saepta</span> <span class='ocrx_word' id='word_1_37' title='bbox 1084 814 1085 817; x_wconf 72' lang='grc'>’</span> 
     </span>
    </p>

    <p class='ocr_par' dir='ltr' id='par_1_6' title="bbox 264 880 1172 1150">
     <span class='ocr_line' id='line_1_7' title="bbox 264 880 1172 970; baseline -0.004 -18"><span class='ocrx_word' id='word_1_38' title='bbox 264 914 326 953; x_wconf 90' lang='lat' dir='ltr'>non</span> <span class='ocrx_word' id='word_1_39' title='bbox 340 904 481 970; x_wconf 87' lang='lat' dir='ltr'>penetrat,</span> <span class='ocrx_word' id='word_1_40' title='bbox 497 912 555 967; x_wconf 88' lang='lat' dir='ltr'>qua</span> <span class='ocrx_word' id='word_1_41' title='bbox 568 912 626 951; x_wconf 89' lang='lat' dir='ltr'>vox</span> <span class='ocrx_word' id='word_1_42' title='bbox 639 892 726 966; x_wconf 85' lang='lat' dir='ltr'>volgo</span> <span class='ocrx_word' id='word_1_43' title='bbox 741 880 910 965; x_wconf 86' lang='lat' dir='ltr'>sonitusque</span> <span class='ocrx_word' id='word_1_44' title='bbox 926 891 1064 949; x_wconf 83' lang='lat' dir='ltr'>feruntur.</span> <span class='ocrx_word' id='word_1_45' title='bbox 1123 911 1172 959; x_wconf 88' lang='lat'>700</span> 
     </span>
     <span class='ocr_line' id='line_1_8' title="bbox 265 980 1078 1059; baseline -0.001 -17"><span class='ocrx_word' id='word_1_46' title='bbox 265 1004 354 1059; x_wconf 90' lang='lat' dir='ltr'>quare</span> <span class='ocrx_word' id='word_1_47' title='bbox 369 985 457 1043; x_wconf 87' lang='lat' dir='ltr'>etiam</span> <span class='ocrx_word' id='word_1_48' title='bbox 470 982 552 1059; x_wconf 94' lang='lat' dir='ltr'>quod</span> <span class='ocrx_word' id='word_1_49' title='bbox 566 984 625 1041; x_wconf 93' lang='lat' dir='ltr'>olet</span> <span class='ocrx_word' id='word_1_50' title='bbox 639 1001 700 1040; x_wconf 92' lang='lat' dir='ltr'>non</span> <span class='ocrx_word' id='word_1_51' title='bbox 714 992 774 1039; x_wconf 85' lang='lat' dir='ltr'>tam</span> <span class='ocrx_word' id='word_1_52' title='bbox 788 982 871 1039; x_wconf 86' lang='lat' dir='ltr'>facile</span> <span class='ocrx_word' id='word_1_53' title='bbox 886 998 950 1040; x_wconf 89' lang='lat' dir='ltr'>esse</span> <span class='ocrx_word' id='word_1_54' title='bbox 965 980 1078 1041; x_wconf 89' lang='lat' dir='ltr'>videbis</span> 
     </span>
     <span class='ocr_line' id='line_1_9' title="bbox 264 1072 895 1150; baseline -0.006 -18"><span class='ocrx_word' id='word_1_55' title='bbox 264 1076 436 1150; x_wconf 86' lang='lat' dir='ltr'>investigare</span> <span class='ocrx_word' id='word_1_56' title='bbox 449 1076 480 1131; x_wconf 94' lang='lat' dir='ltr'>in</span> <span class='ocrx_word' id='word_1_57' title='bbox 494 1092 553 1147; x_wconf 92' lang='lat' dir='ltr'>qua</span> <span class='ocrx_word' id='word_1_58' title='bbox 566 1074 602 1131; x_wconf 92' lang='lat' dir='ltr'>sit</span> <span class='ocrx_word' id='word_1_59' title='bbox 615 1072 734 1147; x_wconf 86' lang='lat' dir='ltr'>regione</span> <span class='ocrx_word' id='word_1_60' title='bbox 748 1072 874 1129; x_wconf 87' lang='lat' dir='ltr'>locatum</span> <span class='ocrx_word' id='word_1_61' title='bbox 886 1092 895 1144; x_wconf 79' lang='lat'><em>3</em></span> 
     </span>
    </p>

    <p class='ocr_par' dir='ltr' id='par_1_7' title="bbox 263 1163 962 1241">
     <span class='ocr_line' id='line_1_10' title="bbox 263 1163 962 1241; baseline -0.004 -18"><span class='ocrx_word' id='word_1_62' title='bbox 263 1166 423 1241; x_wconf 86' lang='lat' dir='ltr'>refrigescit</span> <span class='ocrx_word' id='word_1_63' title='bbox 437 1165 516 1222; x_wconf 89' lang='lat' dir='ltr'>enim</span> <span class='ocrx_word' id='word_1_64' title='bbox 531 1163 700 1221; x_wconf 92' lang='lat' dir='ltr'>cunctando</span> <span class='ocrx_word' id='word_1_65' title='bbox 714 1163 799 1237; x_wconf 86' lang='lat' dir='ltr'>plaga</span> <span class='ocrx_word' id='word_1_66' title='bbox 813 1180 865 1237; x_wconf 83' lang='lat' dir='ltr'>per</span> <span class='ocrx_word' id='word_1_67' title='bbox 879 1180 962 1220; x_wconf 88' lang='lat' dir='ltr'>auras</span> 
     </span>
    </p>

    <p class='ocr_par' dir='ltr' id='par_1_8' title="bbox 264 1252 1022 1313">
     <span class='ocr_line' id='line_1_11' title="bbox 264 1252 1022 1313; baseline -0.003 0"><span class='ocrx_word' id='word_1_68' title='bbox 264 1274 321 1313; x_wconf 89' lang='lat' dir='ltr'>nec</span> <span class='ocrx_word' id='word_1_69' title='bbox 335 1255 430 1313; x_wconf 85' lang='lat' dir='ltr'>calida</span> <span class='ocrx_word' id='word_1_70' title='bbox 443 1254 481 1312; x_wconf 91' lang='lat' dir='ltr'>ad</span> <span class='ocrx_word' id='word_1_71' title='bbox 496 1272 615 1312; x_wconf 92' lang='lat' dir='ltr'>sensum</span> <span class='ocrx_word' id='word_1_72' title='bbox 629 1253 788 1311; x_wconf 87' lang='lat' dir='ltr'>decurrunt</span> <span class='ocrx_word' id='word_1_73' title='bbox 803 1252 903 1310; x_wconf 92' lang='lat' dir='ltr'>nuntia</span> <span class='ocrx_word' id='word_1_74' title='bbox 917 1270 1022 1311; x_wconf 92' lang='lat' dir='ltr'>rerum.</span> 
     </span>
    </p>

    <p class='ocr_par' dir='ltr' id='par_1_9' title="bbox 264 1343 1169 1420">
     <span class='ocr_line' id='line_1_12' title="bbox 264 1343 1169 1420; baseline -0.006 -16"><span class='ocrx_word' id='word_1_75' title='bbox 264 1356 360 1404; x_wconf 87' lang='lat' dir='ltr'>errant</span> <span class='ocrx_word' id='word_1_76' title='bbox 374 1362 462 1420; x_wconf 87' lang='lat' dir='ltr'>saepe</span> <span class='ocrx_word' id='word_1_77' title='bbox 477 1362 565 1402; x_wconf 90' lang='lat' dir='ltr'>canes</span> <span class='ocrx_word' id='word_1_78' title='bbox 579 1346 677 1418; x_wconf 89' lang='lat' dir='ltr'>itaque</span> <span class='ocrx_word' id='word_1_79' title='bbox 692 1352 722 1401; x_wconf 88' lang='lat' dir='ltr'>et</span> <span class='ocrx_word' id='word_1_80' title='bbox 736 1343 856 1417; x_wconf 85' lang='lat' dir='ltr'>vestigia</span> <span class='ocrx_word' id='word_1_81' title='bbox 870 1353 1023 1417; x_wconf 90' lang='lat' dir='ltr'>quaerunt.</span> <span class='ocrx_word' id='word_1_82' title='bbox 1123 1360 1169 1415; x_wconf 82' lang='lat'>705</span> 
     </span>
    </p>

    <p class='ocr_par' dir='ltr' id='par_1_10' title="bbox 264 1432 1174 2507">
     <span class='ocr_line' id='line_1_13' title="bbox 307 1432 1114 1513; baseline -0.002 -20"><span class='ocrx_word' id='word_1_83' title='bbox 307 1434 391 1513; x_wconf 88' lang='lat' dir='ltr'>[Nec</span> <span class='ocrx_word' id='word_1_84' title='bbox 405 1445 504 1493; x_wconf 88' lang='lat' dir='ltr'>tamen</span> <span class='ocrx_word' id='word_1_85' title='bbox 519 1435 578 1493; x_wconf 93' lang='lat' dir='ltr'>hoc</span> <span class='ocrx_word' id='word_1_86' title='bbox 592 1434 660 1493; x_wconf 89' lang='lat' dir='ltr'>solis</span> <span class='ocrx_word' id='word_1_87' title='bbox 675 1435 705 1490; x_wconf 91' lang='lat' dir='ltr'>in</span> <span class='ocrx_word' id='word_1_88' title='bbox 720 1432 859 1491; x_wconf 90' lang='lat' dir='ltr'>odoribus</span> <span class='ocrx_word' id='word_1_89' title='bbox 874 1442 961 1508; x_wconf 90' lang='lat' dir='ltr'>atque</span> <span class='ocrx_word' id='word_1_90' title='bbox 977 1451 1114 1508; x_wconf 89' lang='lat' dir='ltr'>saporum</span> 
     </span>
     <span class='ocr_line' id='line_1_14' title="bbox 264 1524 1074 1601; baseline -0.002 -18"><span class='ocrx_word' id='word_1_91' title='bbox 264 1526 295 1583; x_wconf 94' lang='lat' dir='ltr'>in</span> <span class='ocrx_word' id='word_1_92' title='bbox 309 1535 452 1601; x_wconf 70' lang='lat' dir='ltr'>generest</span> <span class='ocrx_word' id='word_1_93' title='bbox 467 1525 520 1583; x_wconf 90' lang='lat' dir='ltr'>sed</span> <span class='ocrx_word' id='word_1_94' title='bbox 536 1525 605 1582; x_wconf 88' lang='lat' dir='ltr'>item</span> <span class='ocrx_word' id='word_1_95' title='bbox 619 1524 733 1599; x_wconf 91' lang='lat' dir='ltr'>species</span> <span class='ocrx_word' id='word_1_96' title='bbox 747 1541 843 1581; x_wconf 89' lang='lat' dir='ltr'>rerum</span> <span class='ocrx_word' id='word_1_97' title='bbox 857 1534 946 1600; x_wconf 89' lang='lat' dir='ltr'>atque</span> <span class='ocrx_word' id='word_1_98' title='bbox 961 1524 1074 1581; x_wconf 89' lang='lat' dir='ltr'>colores</span> 
     </span>
     <span class='ocr_line' id='line_1_15' title="bbox 264 1614 1023 1686; baseline -0.001 -12"><span class='ocrx_word' id='word_1_99' title='bbox 264 1634 326 1674; x_wconf 92' lang='lat' dir='ltr'>non</span> <span class='ocrx_word' id='word_1_100' title='bbox 341 1617 380 1673; x_wconf 91' lang='lat' dir='ltr'>ita</span> <span class='ocrx_word' id='word_1_101' title='bbox 394 1616 574 1674; x_wconf 91' lang='lat' dir='ltr'>conveniunt</span> <span class='ocrx_word' id='word_1_102' title='bbox 587 1614 625 1673; x_wconf 91' lang='lat' dir='ltr'>ad</span> <span class='ocrx_word' id='word_1_103' title='bbox 640 1633 743 1673; x_wconf 88' lang='lat' dir='ltr'>sensus</span> <span class='ocrx_word' id='word_1_104' title='bbox 758 1614 894 1673; x_wconf 92' lang='lat' dir='ltr'>omnibus</span> <span class='ocrx_word' id='word_1_105' title='bbox 909 1632 1023 1686; x_wconf 90' lang='lat' dir='ltr'>omnes,</span> 
     </span>
     <span class='ocr_line' id='line_1_16' title="bbox 265 1704 963 1780; baseline -0.001 -16"><span class='ocrx_word' id='word_1_106' title='bbox 265 1716 298 1764; x_wconf 92' lang='lat' dir='ltr'>ut</span> <span class='ocrx_word' id='word_1_107' title='bbox 312 1725 372 1764; x_wconf 94' lang='lat' dir='ltr'>non</span> <span class='ocrx_word' id='word_1_108' title='bbox 386 1707 443 1764; x_wconf 90' lang='lat' dir='ltr'>sint</span> <span class='ocrx_word' id='word_1_109' title='bbox 457 1707 518 1764; x_wconf 91' lang='lat' dir='ltr'>aliis</span> <span class='ocrx_word' id='word_1_110' title='bbox 532 1704 679 1780; x_wconf 86' lang='lat' dir='ltr'>quaedam</span> <span class='ocrx_word' id='word_1_111' title='bbox 694 1705 785 1780; x_wconf 83' lang='lat' dir='ltr'>magis</span> <span class='ocrx_word' id='word_1_112' title='bbox 800 1706 877 1762; x_wconf 88' lang='lat' dir='ltr'>acria</span> <span class='ocrx_word' id='word_1_113' title='bbox 890 1706 963 1763; x_wconf 85' lang='lat' dir='ltr'>visu.</span> 
     </span>
     <span class='ocr_line' id='line_1_17' title="bbox 265 1795 1174 1871; baseline -0.004 -16"><span class='ocrx_word' id='word_1_114' title='bbox 265 1798 438 1871; x_wconf 90' lang='lat' dir='ltr'>quinetiam</span> <span class='ocrx_word' id='word_1_115' title='bbox 452 1797 568 1871; x_wconf 86' lang='lat' dir='ltr'>gallum,</span> <span class='ocrx_word' id='word_1_116' title='bbox 583 1806 702 1853; x_wconf 91' lang='lat' dir='ltr'>noctem</span> <span class='ocrx_word' id='word_1_117' title='bbox 718 1795 961 1870; x_wconf 84' lang='lat' dir='ltr'>explaudentibus</span> <span class='ocrx_word' id='word_1_118' title='bbox 976 1796 1028 1855; x_wconf 86' lang='lat' dir='ltr'>alis</span> <span class='ocrx_word' id='word_1_119' title='bbox 1126 1814 1174 1861; x_wconf 88' lang='lat'>710</span> 
     </span>
     <span class='ocr_line' id='line_1_18' title="bbox 265 1887 894 1958; baseline -0.002 -14"><span class='ocrx_word' id='word_1_120' title='bbox 265 1905 398 1945; x_wconf 89' lang='lat' dir='ltr'>auroram</span> <span class='ocrx_word' id='word_1_121' title='bbox 412 1887 489 1944; x_wconf 90' lang='lat' dir='ltr'>clara</span> <span class='ocrx_word' id='word_1_122' title='bbox 502 1896 676 1944; x_wconf 89' lang='lat' dir='ltr'>consuetum</span> <span class='ocrx_word' id='word_1_123' title='bbox 689 1903 764 1943; x_wconf 92' lang='lat' dir='ltr'>voce</span> <span class='ocrx_word' id='word_1_124' title='bbox 778 1903 894 1958; x_wconf 88' lang='lat' dir='ltr'>vocare,</span> 
     </span>
     <span class='ocr_line' id='line_1_19' title="bbox 265 1977 975 2053; baseline 0.001 -17"><span class='ocrx_word' id='word_1_125' title='bbox 265 1996 363 2036; x_wconf 91' lang='lat' dir='ltr'>noenu</span> <span class='ocrx_word' id='word_1_126' title='bbox 378 1987 489 2053; x_wconf 89' lang='lat' dir='ltr'>queunt</span> <span class='ocrx_word' id='word_1_127' title='bbox 503 1977 596 2036; x_wconf 87' lang='lat' dir='ltr'>rabidi</span> <span class='ocrx_word' id='word_1_128' title='bbox 610 1986 712 2035; x_wconf 85' lang='lat' dir='ltr'>contra</span> <span class='ocrx_word' id='word_1_129' title='bbox 726 1986 859 2036; x_wconf 88' lang='lat' dir='ltr'>constare</span> <span class='ocrx_word' id='word_1_130' title='bbox 874 1977 975 2037; x_wconf 86' lang='lat' dir='ltr'>leones</span> 
     </span>
     <span class='ocr_line' id='line_1_20' title="bbox 265 2069 952 2144; baseline 0 -18"><span class='ocrx_word' id='word_1_131' title='bbox 265 2069 354 2144; x_wconf 92' lang='lat' dir='ltr'>inque</span> <span class='ocrx_word' id='word_1_132' title='bbox 369 2069 461 2126; x_wconf 88' lang='lat' dir='ltr'>tueri:</span> <span class='ocrx_word' id='word_1_133' title='bbox 484 2069 523 2126; x_wconf 87' lang='lat' dir='ltr'>ita</span> <span class='ocrx_word' id='word_1_134' title='bbox 536 2069 677 2126; x_wconf 91' lang='lat' dir='ltr'>continuo</span> <span class='ocrx_word' id='word_1_135' title='bbox 691 2069 851 2126; x_wconf 89' lang='lat' dir='ltr'>meminere</span> <span class='ocrx_word' id='word_1_136' title='bbox 866 2069 952 2144; x_wconf 85' lang='lat' dir='ltr'>fugai,</span> 
     </span>
     <span class='ocr_line' id='line_1_21' title="bbox 265 2157 1063 2234; baseline -0.001 -17"><span class='ocrx_word' id='word_1_137' title='bbox 265 2160 401 2218; x_wconf 89' lang='lat' dir='ltr'>nimimm</span> <span class='ocrx_word' id='word_1_138' title='bbox 416 2160 484 2234; x_wconf 94' lang='lat' dir='ltr'>quia</span> <span class='ocrx_word' id='word_1_139' title='bbox 497 2169 565 2216; x_wconf 88' lang='lat' dir='ltr'>sunt</span> <span class='ocrx_word' id='word_1_140' title='bbox 578 2159 719 2233; x_wconf 87' lang='lat' dir='ltr'>gallorum</span> <span class='ocrx_word' id='word_1_141' title='bbox 734 2159 763 2216; x_wconf 93' lang='lat' dir='ltr'>in</span> <span class='ocrx_word' id='word_1_142' title='bbox 778 2176 902 2233; x_wconf 87' lang='lat' dir='ltr'>corpore</span> <span class='ocrx_word' id='word_1_143' title='bbox 916 2157 1063 2234; x_wconf 83' lang='lat' dir='ltr'>quaedam</span> 
     </span>
     <span class='ocr_line' id='line_1_22' title="bbox 265 2250 1172 2324; baseline -0.006 -16"><span class='ocrx_word' id='word_1_144' title='bbox 265 2251 386 2321; x_wconf 91' lang='lat' dir='ltr'>semina,</span> <span class='ocrx_word' id='word_1_145' title='bbox 401 2268 477 2324; x_wconf 91' lang='lat' dir='ltr'>quae</span> <span class='ocrx_word' id='word_1_146' title='bbox 491 2268 561 2306; x_wconf 94' lang='lat' dir='ltr'>cum</span> <span class='ocrx_word' id='word_1_147' title='bbox 575 2259 642 2307; x_wconf 91' lang='lat' dir='ltr'>sunt</span> <span class='ocrx_word' id='word_1_148' title='bbox 656 2250 749 2308; x_wconf 92' lang='lat' dir='ltr'>oculis</span> <span class='ocrx_word' id='word_1_149' title='bbox 764 2250 883 2307; x_wconf 89' lang='lat' dir='ltr'>inmissa</span> <span class='ocrx_word' id='word_1_150' title='bbox 896 2250 1025 2321; x_wconf 87' lang='lat' dir='ltr'>leonum,</span> <span class='ocrx_word' id='word_1_151' title='bbox 1123 2264 1154 2322; x_wconf 85' lang='lat'>7¹</span> <span class='ocrx_word' id='word_1_152' title='bbox 1159 2264 1172 2319; x_wconf 83' lang='lat'><strong>5</strong></span> 
     </span>
     <span class='ocr_line' id='line_1_23' title="bbox 265 2340 911 2416; baseline 0 -19"><span class='ocrx_word' id='word_1_153' title='bbox 265 2341 388 2416; x_wconf 89' lang='lat' dir='ltr'>pupillas</span> <span class='ocrx_word' id='word_1_154' title='bbox 403 2340 593 2399; x_wconf 86' lang='lat' dir='ltr'>interfodiunt</span> <span class='ocrx_word' id='word_1_155' title='bbox 607 2358 764 2414; x_wconf 87' lang='lat' dir='ltr'>acremque</span> <span class='ocrx_word' id='word_1_156' title='bbox 780 2340 911 2398; x_wconf 89' lang='lat' dir='ltr'>dolorem</span> 
     </span>
     <span class='ocr_line' id='line_1_24' title="bbox 265 2429 1006 2507; baseline 0 -19"><span class='ocrx_word' id='word_1_157' title='bbox 265 2432 415 2507; x_wconf 87' lang='lat' dir='ltr'>praebent,</span> <span class='ocrx_word' id='word_1_158' title='bbox 430 2440 463 2488; x_wconf 91' lang='lat' dir='ltr'>ut</span> <span class='ocrx_word' id='word_1_159' title='bbox 475 2440 624 2504; x_wconf 88' lang='lat' dir='ltr'>nequeant</span> <span class='ocrx_word' id='word_1_160' title='bbox 638 2441 741 2488; x_wconf 88' lang='lat' dir='ltr'>contra</span> <span class='ocrx_word' id='word_1_161' title='bbox 755 2429 858 2487; x_wconf 89' lang='lat' dir='ltr'>durare</span> <span class='ocrx_word' id='word_1_162' title='bbox 873 2430 1006 2503; x_wconf 83' lang='lat' dir='ltr'>feroces3</span> 
     </span>
    </p>

    <p class='ocr_par' dir='ltr' id='par_1_11' title="bbox 245 2513 1174 2870">
     <span class='ocr_line' id='line_1_25' title="bbox 245 2513 1072 2595; baseline -0.001 -17"><span class='ocrx_word' id='word_1_163' title='bbox 245 2513 251 2526; x_wconf 81' lang='grc'><strong>’</strong></span> <span class='ocrx_word' id='word_1_164' title='bbox 265 2540 334 2578; x_wconf 88' lang='lat' dir='ltr'>cum</span> <span class='ocrx_word' id='word_1_165' title='bbox 348 2530 447 2578; x_wconf 88' lang='lat' dir='ltr'>tamen</span> <span class='ocrx_word' id='word_1_166' title='bbox 461 2520 535 2579; x_wconf 90' lang='lat' dir='ltr'>haec</span> <span class='ocrx_word' id='word_1_167' title='bbox 549 2530 662 2579; x_wconf 81' lang='lat' dir='ltr'>nostras</span> <span class='ocrx_word' id='word_1_168' title='bbox 676 2521 755 2579; x_wconf 89' lang='lat' dir='ltr'>acies</span> <span class='ocrx_word' id='word_1_169' title='bbox 768 2521 808 2578; x_wconf 92' lang='lat' dir='ltr'>nil</span> <span class='ocrx_word' id='word_1_170' title='bbox 822 2520 937 2578; x_wconf 89' lang='lat' dir='ltr'>laedere</span> <span class='ocrx_word' id='word_1_171' title='bbox 952 2519 1072 2595; x_wconf 85' lang='lat' dir='ltr'>possint,</span> 
     </span>
     <span class='ocr_line' id='line_1_26' title="bbox 265 2610 1102 2687; baseline -0.001 -18"><span class='ocrx_word' id='word_1_172' title='bbox 265 2623 316 2669; x_wconf 89' lang='lat' dir='ltr'>aut</span> <span class='ocrx_word' id='word_1_173' title='bbox 329 2613 398 2686; x_wconf 90' lang='lat' dir='ltr'>quia</span> <span class='ocrx_word' id='word_1_174' title='bbox 412 2630 472 2669; x_wconf 93' lang='lat' dir='ltr'>non</span> <span class='ocrx_word' id='word_1_175' title='bbox 486 2622 641 2686; x_wconf 88' lang='lat' dir='ltr'>penetrant</span> <span class='ocrx_word' id='word_1_176' title='bbox 654 2620 705 2670; x_wconf 89' lang='lat' dir='ltr'>aut</span> <span class='ocrx_word' id='word_1_177' title='bbox 720 2610 802 2687; x_wconf 88' lang='lat' dir='ltr'>quod</span> <span class='ocrx_word' id='word_1_178' title='bbox 816 2612 1035 2686; x_wconf 89' lang='lat' dir='ltr'>penetrantibus</span> <span class='ocrx_word' id='word_1_179' title='bbox 1048 2611 1102 2668; x_wconf 82' lang='lat' dir='ltr'>iilis</span> 
     </span>
     <span class='ocr_line' id='line_1_27' title="bbox 266 2701 1174 2774; baseline -0.004 -14"><span class='ocrx_word' id='word_1_180' title='bbox 266 2703 361 2760; x_wconf 85' lang='lat' dir='ltr'>exitus</span> <span class='ocrx_word' id='word_1_181' title='bbox 376 2721 412 2759; x_wconf 86' lang='lat' dir='ltr'>ex</span> <span class='ocrx_word' id='word_1_182' title='bbox 427 2702 518 2760; x_wconf 89' lang='lat' dir='ltr'>oculis</span> <span class='ocrx_word' id='word_1_183' title='bbox 532 2702 604 2760; x_wconf 89' lang='lat' dir='ltr'>liber</span> <span class='ocrx_word' id='word_1_184' title='bbox 618 2702 712 2774; x_wconf 89' lang='lat' dir='ltr'>datur,</span> <span class='ocrx_word' id='word_1_185' title='bbox 723 2703 758 2759; x_wconf 75' lang='lat' dir='ltr'>vin</span> <span class='ocrx_word' id='word_1_186' title='bbox 772 2701 948 2760; x_wconf 89' lang='lat' dir='ltr'>remorando</span> <span class='ocrx_word' id='word_1_187' title='bbox 1127 2721 1174 2767; x_wconf 87' lang='lat'>720</span> 
     </span>
     <span class='ocr_line' id='line_1_28' title="bbox 265 2790 931 2870; baseline -0.003 -20"><span class='ocrx_word' id='word_1_188' title='bbox 265 2791 382 2850; x_wconf 88' lang='lat' dir='ltr'>laedere</span> <span class='ocrx_word' id='word_1_189' title='bbox 398 2810 435 2849; x_wconf 88' lang='lat' dir='ltr'>nc</span> <span class='ocrx_word' id='word_1_190' title='bbox 451 2792 563 2867; x_wconf 90' lang='lat' dir='ltr'>possint</span> <span class='ocrx_word' id='word_1_191' title='bbox 577 2810 615 2850; x_wconf 86' lang='lat' dir='ltr'>ex</span> <span class='ocrx_word' id='word_1_192' title='bbox 629 2794 685 2851; x_wconf 88' lang='lat' dir='ltr'>ulla</span> <span class='ocrx_word' id='word_1_193' title='bbox 698 2792 808 2850; x_wconf 90' lang='lat' dir='ltr'>lumina</span> <span class='ocrx_word' id='word_1_194' title='bbox 822 2790 931 2870; x_wconf 72' lang='lat' dir='ltr'>parte]</span> 
     </span>
    </p>

    <p class='ocr_par' dir='ltr' id='par_1_12' title="bbox 266 2881 1174 3590">
     <span class='ocr_line' id='line_1_29' title="bbox 308 2881 1174 2957; baseline 0 -18"><span class='ocrx_word' id='word_1_195' title='bbox 308 2883 397 2939; x_wconf 94' lang='lat' dir='ltr'>Nunc</span> <span class='ocrx_word' id='word_1_196' title='bbox 411 2900 464 2956; x_wconf 86' lang='lat' dir='ltr'>age</span> <span class='ocrx_word' id='word_1_197' title='bbox 479 2900 555 2956; x_wconf 87' lang='lat' dir='ltr'>quae</span> <span class='ocrx_word' id='word_1_198' title='bbox 570 2891 708 2941; x_wconf 87' lang='lat' dir='ltr'>moveant</span> <span class='ocrx_word' id='word_1_199' title='bbox 722 2883 853 2940; x_wconf 91' lang='lat' dir='ltr'>animum</span> <span class='ocrx_word' id='word_1_200' title='bbox 866 2900 912 2940; x_wconf 91' lang='lat' dir='ltr'>res</span> <span class='ocrx_word' id='word_1_201' title='bbox 926 2881 1038 2957; x_wconf 89' lang='lat' dir='ltr'>accipe,</span> <span class='ocrx_word' id='word_1_202' title='bbox 1051 2892 1080 2939; x_wconf 93' lang='lat' dir='ltr'>et</span> <span class='ocrx_word' id='word_1_203' title='bbox 1094 2881 1174 2940; x_wconf 89' lang='lat' dir='ltr'>unde</span> 
     </span>
     <span class='ocr_line' id='line_1_30' title="bbox 266 2972 1060 3049; baseline 0 -19"><span class='ocrx_word' id='word_1_204' title='bbox 266 2991 343 3048; x_wconf 91' lang='lat' dir='ltr'>quae</span> <span class='ocrx_word' id='word_1_205' title='bbox 358 2973 478 3030; x_wconf 92' lang='lat' dir='ltr'>veniunt</span> <span class='ocrx_word' id='word_1_206' title='bbox 492 2973 611 3032; x_wconf 86' lang='lat' dir='ltr'>veniant</span> <span class='ocrx_word' id='word_1_207' title='bbox 625 2973 655 3030; x_wconf 93' lang='lat' dir='ltr'>in</span> <span class='ocrx_word' id='word_1_208' title='bbox 670 2983 800 3031; x_wconf 92' lang='lat' dir='ltr'>mentem</span> <span class='ocrx_word' id='word_1_209' title='bbox 815 2973 935 3049; x_wconf 90' lang='lat' dir='ltr'>percipe</span> <span class='ocrx_word' id='word_1_210' title='bbox 949 2972 1060 3048; x_wconf 90' lang='lat' dir='ltr'>paucis.</span> 
     </span>
     <span class='ocr_line' id='line_1_31' title="bbox 266 3062 966 3138; baseline 0.001 -18"><span class='ocrx_word' id='word_1_211' title='bbox 266 3063 411 3138; x_wconf 90' lang='lat' dir='ltr'>principio</span> <span class='ocrx_word' id='word_1_212' title='bbox 426 3062 484 3120; x_wconf 93' lang='lat' dir='ltr'>hoc</span> <span class='ocrx_word' id='word_1_213' title='bbox 499 3063 577 3137; x_wconf 81' lang='lat' dir='ltr'>dico,</span> <span class='ocrx_word' id='word_1_214' title='bbox 591 3082 689 3122; x_wconf 85' lang='lat' dir='ltr'>rerum</span> <span class='ocrx_word' id='word_1_215' title='bbox 704 3064 857 3121; x_wconf 84' lang='lat' dir='ltr'>simulacra</span> <span class='ocrx_word' id='word_1_216' title='bbox 869 3063 966 3138; x_wconf 85' lang='lat' dir='ltr'>vagari</span> 
     </span>
     <span class='ocr_line' id='line_1_32' title="bbox 266 3153 1174 3228; baseline -0.003 -17"><span class='ocrx_word' id='word_1_217' title='bbox 266 3153 357 3211; x_wconf 89' lang='lat' dir='ltr'>multa</span> <span class='ocrx_word' id='word_1_218' title='bbox 371 3153 467 3212; x_wconf 90' lang='lat' dir='ltr'>modis</span> <span class='ocrx_word' id='word_1_219' title='bbox 481 3155 579 3213; x_wconf 92' lang='lat' dir='ltr'>multis</span> <span class='ocrx_word' id='word_1_220' title='bbox 592 3155 623 3212; x_wconf 96' lang='lat' dir='ltr'>in</span> <span class='ocrx_word' id='word_1_221' title='bbox 637 3164 759 3212; x_wconf 89' lang='lat' dir='ltr'>cunctas</span> <span class='ocrx_word' id='word_1_222' title='bbox 775 3153 906 3228; x_wconf 91' lang='lat' dir='ltr'>undique</span> <span class='ocrx_word' id='word_1_223' title='bbox 921 3153 1009 3228; x_wconf 84' lang='lat' dir='ltr'>partis</span> <span class='ocrx_word' id='word_1_224' title='bbox 1127 3169 1174 3224; x_wconf 80' lang='lat'>⁷25</span> 
     </span>
     <span class='ocr_line' id='line_1_33' title="bbox 266 3244 1054 3319; baseline 0 -17"><span class='ocrx_word' id='word_1_225' title='bbox 266 3244 373 3314; x_wconf 89' lang='lat' dir='ltr'>tenvia,</span> <span class='ocrx_word' id='word_1_226' title='bbox 389 3262 465 3319; x_wconf 89' lang='lat' dir='ltr'>quae</span> <span class='ocrx_word' id='word_1_227' title='bbox 480 3245 563 3302; x_wconf 88' lang='lat' dir='ltr'>sacile</span> <span class='ocrx_word' id='word_1_228' title='bbox 578 3245 653 3302; x_wconf 90' lang='lat' dir='ltr'>inter</span> <span class='ocrx_word' id='word_1_229' title='bbox 667 3262 698 3301; x_wconf 93' lang='lat' dir='ltr'>se</span> <span class='ocrx_word' id='word_1_230' title='bbox 714 3244 871 3319; x_wconf 83' lang='lat' dir='ltr'>iunguntur</span> <span class='ocrx_word' id='word_1_231' title='bbox 884 3245 914 3302; x_wconf 92' lang='lat' dir='ltr'>in</span> <span class='ocrx_word' id='word_1_232' title='bbox 929 3244 1013 3312; x_wconf 83' lang='lat' dir='ltr'>auris,</span> <span class='ocrx_word' id='word_1_233' title='bbox 1052 3287 1054 3293; x_wconf 76' lang='grc'>.</span> 
     </span>
     <span class='ocr_line' id='line_1_34' title="bbox 267 3333 1070 3410; baseline -0.001 -19"><span class='ocrx_word' id='word_1_234' title='bbox 267 3333 353 3392; x_wconf 91' lang='lat' dir='ltr'>obvia</span> <span class='ocrx_word' id='word_1_235' title='bbox 367 3351 435 3391; x_wconf 86' lang='lat' dir='ltr'>curn</span> <span class='ocrx_word' id='word_1_236' title='bbox 449 3334 578 3404; x_wconf 92' lang='lat' dir='ltr'>veniunt,</span> <span class='ocrx_word' id='word_1_237' title='bbox 593 3343 629 3392; x_wconf 92' lang='lat' dir='ltr'>ut</span> <span class='ocrx_word' id='word_1_238' title='bbox 639 3351 745 3392; x_wconf 87' lang='lat' dir='ltr'>aranea</span> <span class='ocrx_word' id='word_1_239' title='bbox 758 3334 931 3410; x_wconf 89' lang='lat' dir='ltr'>bratteaque</span> <span class='ocrx_word' id='word_1_240' title='bbox 942 3333 1016 3391; x_wconf 84' lang='lat' dir='ltr'>auri.</span> <span class='ocrx_word' id='word_1_241' title='bbox 1030 3379 1033 3384; x_wconf 95' lang='lat'>.</span> <span class='ocrx_word' id='word_1_242' title='bbox 1068 3349 1070 3352; x_wconf 85' lang='lat'>·</span> 
     </span>
     <span class='ocr_line' id='line_1_35' title="bbox 267 3424 1089 3500; baseline -0.001 -19"><span class='ocrx_word' id='word_1_243' title='bbox 267 3424 378 3500; x_wconf 91' lang='lat' dir='ltr'>quippe</span> <span class='ocrx_word' id='word_1_244' title='bbox 393 3425 502 3482; x_wconf 87' lang='lat' dir='ltr'>etenim</span> <span class='ocrx_word' id='word_1_245' title='bbox 516 3424 608 3482; x_wconf 90' lang='lat' dir='ltr'>multo</span> <span class='ocrx_word' id='word_1_246' title='bbox 622 3424 714 3499; x_wconf 85' lang='lat' dir='ltr'>magis</span> <span class='ocrx_word' id='word_1_247' title='bbox 728 3424 803 3482; x_wconf 90' lang='lat' dir='ltr'>haec</span> <span class='ocrx_word' id='word_1_248' title='bbox 817 3434 883 3482; x_wconf 89' lang='lat' dir='ltr'>sunt</span> <span class='ocrx_word' id='word_1_249' title='bbox 897 3424 995 3482; x_wconf 90' lang='lat' dir='ltr'>tenvia</span> <span class='ocrx_word' id='word_1_250' title='bbox 1008 3431 1089 3481; x_wconf 84' lang='lat' dir='ltr'>textu</span> 
     </span>
     <span class='ocr_line' id='line_1_36' title="bbox 268 3514 1080 3590; baseline 0.001 -19"><span class='ocrx_word' id='word_1_251' title='bbox 268 3531 357 3589; x_wconf 90' lang='lat' dir='ltr'>quam</span> <span class='ocrx_word' id='word_1_252' title='bbox 372 3533 447 3590; x_wconf 88' lang='lat' dir='ltr'>quac</span> <span class='ocrx_word' id='word_1_253' title='bbox 462 3514 627 3590; x_wconf 88' lang='lat' dir='ltr'>percipiunt</span> <span class='ocrx_word' id='word_1_254' title='bbox 642 3515 745 3572; x_wconf 92' lang='lat' dir='ltr'>oculos</span> <span class='ocrx_word' id='word_1_255' title='bbox 759 3515 911 3590; x_wconf 86' lang='lat' dir='ltr'>visumque</span> <span class='ocrx_word' id='word_1_256' title='bbox 925 3514 1080 3585; x_wconf 84' lang='lat' dir='ltr'>lacessunt,</span> 
     </span>
    </p>
   </div>
   <div class='ocr_carea' id='block_1_3' title="bbox 0 0 1404 4025">
    <p class='ocr_par' dir='ltr' id='par_1_13' title="bbox 0 0 1404 4025">
     <span class='ocr_line' id='line_1_37' title="bbox 0 0 1404 4025; baseline 0 0"><span class='ocrx_word' id='word_1_257' title='bbox 0 0 1404 4025; x_wconf 95' lang='lat' dir='ltr'> </span> 
     </span>
    </p>
   </div>
  </div>
 </body>
</html>
