2792 4025
200 247 202 250 ’
276 272 337 335 140
610 266 844 322 LUCRETIUS
1125 264 1175 337 [v.

270 448 395 506 quorum
409 438 541 487 naturam
554 429 707 505 triplicem,
721 428 775 487 tria
788 444 921 503 corpora,
937 428 1072 501 Memmi,

270 522 320 579 tris
333 520 447 596 species
461 529 522 577 tam
536 519 689 591 dissimilia
704 519 758 577 tria
770 519 838 577 talia
851 528 938 590 texta,

269 630 330 669 uua
343 611 407 670 dies
421 609 503 669 dabit
516 610 615 681 exitio,
630 610 797 683 multosque
811 627 865 685 per
878 628 971 669 annos
1145 626 1178 681 95

269 711 430 761 sustentata
442 709 506 759 ruet
519 701 612 757 moles
625 709 655 757 et
668 699 804 758 machina
817 698 929 759 mundi.

269 811 326 850 nec
339 810 388 850 me
402 791 490 848 animi
504 790 574 848 fallit
586 808 675 865 quam
689 808 735 847 res
749 808 827 847 nova
840 790 971 865 miraque
985 790 1077 849 menti

269 882 386 940 accidat
400 881 519 939 exitium
533 881 606 937 caeli
620 891 771 954 terraeque
786 880 923 952 futurum,

270 982 301 1031 et
313 991 402 1047 quam
417 970 534 1029 difficile
549 970 580 1028 id
595 970 665 1028 mihi
679 970 716 1027 sit
730 970 899 1044 pervincere
914 968 1020 1042 dictis;
1156 1048 1158 1051 Ι

269 1072 302 1121 ut
315 1064 348 1120 fit
360 1062 412 1120 ubi
425 1062 571 1120 insolitam
584 1079 648 1118 rem
662 1061 800 1135 adportes
814 1061 931 1118 auribus
946 1070 1015 1119 ante
1130 1079 1177 1117 100

217 1175 219 1179 ’
269 1173 326 1214 nec
340 1165 440 1213 tamen
454 1154 530 1212 hanc
544 1154 638 1229 possis
652 1153 804 1211 oculomm
819 1152 945 1211 subdere
959 1153 1022 1211 visu

269 1264 327 1304 nec
340 1246 435 1303 iacere
450 1244 520 1302 indu
535 1262 647 1314 manus,
661 1243 709 1301 via
722 1261 780 1318 qua
794 1243 906 1301 munita
919 1242 990 1303 fidei

269 1336 402 1412 proxima
415 1336 471 1393 fert
485 1335 645 1391 humanum
658 1333 689 1391 in
703 1344 807 1408 pectus
821 1334 989 1408 templaque
1003 1333 1118 1393 mentis.

270 1426 324 1485 sed
337 1435 436 1484 tamen
451 1425 569 1483 effabor.
585 1424 671 1482 dictis
685 1423 767 1483 dabit
781 1424 845 1499 ipsa
858 1423 948 1481 fidem
962 1442 1008 1482 res

268 1516 388 1575 forsitan
402 1525 432 1574 et
445 1516 568 1591 graviter
581 1523 720 1574 terrarum
735 1514 862 1573 motibus
877 1515 946 1573 ortis
1131 1533 1177 1587 ¹05

270 1607 370 1665 omnia
383 1606 570 1680 conquassari
583 1605 614 1662 in
627 1623 719 1681 parvo
733 1614 866 1679 tempore
882 1623 993 1663 cernes.

270 1696 352 1772 quod
365 1696 468 1771 procul
481 1713 500 1752 a
513 1696 599 1755 nobis
611 1694 712 1753 flectat
725 1695 840 1752 fortuna
854 1696 1028 1769 gubernans,

269 1796 301 1844 et
312 1787 386 1845 ratio
400 1786 498 1861 potius
512 1804 601 1860 quam
615 1804 661 1844 res
675 1784 849 1859 persuadeat
864 1786 928 1860 ipsa

269 1876 421 1936 succidere
436 1877 587 1935 horrisono
601 1894 688 1951 posse
703 1875 803 1934 onmia
816 1876 892 1933 victa
905 1876 1027 1950 fragore.

311 1965 397 2046 [Qua
410 1967 489 2043 prius
502 1965 656 2042 adgrediar
669 1985 758 2042 quam
773 1965 811 2025 de
826 1965 993 2026 refundere
1008 1966 1065 2025 fata
1131 1986 1178 2024 110

269 2059 396 2117 sanctius
410 2067 440 2115 et
453 2058 545 2115 multo
559 2067 639 2115 certa
651 2058 763 2115 ratione
778 2058 870 2132 magis
883 2076 972 2132 quam

269 2149 373 2225 Pythia
386 2166 462 2223 quae
477 2147 592 2222 tripode
606 2166 624 2205 a
639 2148 752 2206 Phoebi
767 2147 907 2222 lauroque
921 2149 1059 2222 profatur,

269 2239 360 2297 multa
373 2239 426 2298 tibi
440 2237 594 2313 expediam
610 2237 705 2296 doctis
721 2239 830 2296 solacia
844 2237 949 2311 dictis;

268 2331 407 2406 religione
422 2329 581 2387 refrenatus
595 2347 632 2386 ne
647 2329 721 2386 forte
732 2329 824 2387 rearis

268 2430 358 2478 terras
371 2429 402 2478 et
418 2420 510 2478 solem
524 2429 555 2476 et
567 2419 691 2490 caelum,
708 2437 786 2476 mare
802 2417 898 2476 sidera
911 2419 1019 2491 lunam,
1130 2436 1175 2488 ¹15

269 2528 393 2585 corpore
407 2510 506 2568 divino
521 2509 629 2568 debere
644 2519 763 2568 aeterna
777 2527 904 2580 manere,

269 2609 482 2676 proptereaque
496 2609 581 2675 putes
594 2601 649 2677 ritu
664 2618 717 2675 par
731 2617 794 2658 esse
809 2600 969 2675 Gigantum

268 2690 400 2765 pendere
415 2707 466 2747 eos
480 2708 591 2765 poenas
605 2691 715 2747 inmani
730 2708 784 2764 pro
799 2691 908 2748 scelere
924 2689 1020 2748 omnis

269 2780 321 2855 qui
334 2780 446 2838 ratione
460 2798 513 2838 sua
526 2779 689 2840 disturbent
704 2781 821 2840 moenia
834 2779 940 2838 mundi

269 2871 508 2946 praeclammque
523 2871 611 2928 velint
626 2871 700 2928 caeli
713 2872 890 2946 restinguere
905 2871 998 2930 solem
1130 2891 1178 2928 120

268 2961 432 3020 inmortalia
445 2961 559 3018 mortali
573 2979 708 3020 sermone
722 2971 856 3020 notantes
867 2982 876 3033 ;

269 3070 345 3127 quae
360 3052 462 3126 procul
476 3069 569 3126 usque
583 3051 659 3110 adeo
674 3052 773 3109 divino
788 3070 806 3108 a
818 3052 938 3108 numine
953 3049 1070 3120 distent,

269 3143 358 3216 inque
373 3142 463 3201 deum
477 3161 600 3201 numero
614 3159 689 3217 quae
705 3141 761 3199 sint
774 3140 895 3216 indigna
908 3139 1007 3210 videri,

268 3234 402 3292 notitiam
416 3234 514 3310 potius
529 3233 668 3308 praebere
681 3242 714 3290 ut
728 3249 815 3306 posse
829 3240 967 3306 putentur

269 3323 342 3398 quid
356 3325 392 3382 sit
405 3324 484 3384 vitali
498 3333 580 3382 motu
595 3340 741 3398 sensuque
755 3330 910 3380 remotum.
1128 3337 1175 3392 ¹²5

269 3416 380 3491 quippe
395 3415 504 3473 etenim
519 3432 579 3471 non
594 3423 647 3483 est,
663 3432 731 3471 curn
745 3413 849 3487 quovis
864 3429 986 3488 corpore
1001 3420 1033 3470 ut
1047 3429 1110 3470 esse

269 3524 357 3587 posse
371 3506 460 3564 animi
475 3514 577 3564 natura
590 3513 708 3582 putetur
721 3503 934 3578 consiliumque
945 3524 954 3576 3
