2792 4025
262 262 300 328 52
430 215 431 218 Ὺ
594 258 826 313 nuenarius
1108 257 1164 328 [11.

259 424 357 481 matris
372 432 401 481 et
414 423 517 498 ingrati
531 422 709 497 genitoribus
724 422 833 480 inventi
847 423 913 494 sint,
1116 431 1146 481 61
1150 442 1165 496 ς

258 515 419 588 significare
434 513 534 572 volunt
548 512 683 588 indignos
698 530 762 571 esse
776 512 932 588 putandos,

257 605 352 662 vivam
367 605 537 679 progeniem
551 604 602 679 qni
616 605 646 661 in
660 621 726 661 oras
740 603 856 661 luminis
870 602 970 664 edant.

258 703 397 770 tympana
410 703 491 752 tenta
503 702 607 752 tonant
621 694 725 768 palmis
739 702 769 751 et
783 694 917 768 cymbala
930 695 1043 754 circum

258 803 396 856 concava,
411 785 623 859 raucisonoque
639 785 785 842 minantur
798 802 910 842 cornua
924 795 1023 858 cantu,

176 929 180 941 ,
257 885 287 932 et
302 875 425 951 Phrygio
441 875 567 932 stimulat
581 892 704 932 numero
719 893 791 932 cava
804 876 875 932 tibia
888 877 1005 949 mentiS,
1113 882 1163 933 620

257 967 372 1040 telaque
387 975 573 1040 praeportant
587 965 803 1040 violentisigna
816 965 928 1036 luroris,

257 1055 383 1130 ingratos
397 1057 510 1112 animos
525 1065 612 1130 atque
627 1056 719 1130 impia
732 1065 853 1130 pectora
866 1055 943 1130 volgi

256 1155 420 1204 conterrere
435 1156 515 1203 metu
530 1164 605 1220 quae
620 1146 734 1220 possint
748 1147 869 1203 numini’
886 1145 981 1206 divae.

256 1239 408 1311 ergo'eum
422 1237 549 1310 primum
563 1255 683 1310 magnas
698 1236 813 1293 invecta
826 1254 879 1310 per
893 1238 972 1296 urbis

255 1327 405 1384 munificat
419 1327 507 1385 tacita
520 1327 647 1384 mortalis
663 1336 744 1383 muta
758 1327 858 1397 salute,
1110 1334 1161 1398 ⁶25

255 1435 322 1475 aere
336 1427 424 1491 atque
438 1426 559 1492 argento
574 1426 706 1474 sternunt
720 1417 775 1473 iter
788 1434 876 1474 omne
891 1417 1003 1475 viarum

254 1507 381 1581 largifica
395 1507 469 1582 stipe
484 1505 610 1564 ditantes
625 1507 807 1580 ninguntque
822 1525 953 1564 rosarum

254 1596 372 1655 floribus
387 1597 554 1655 umbrantes
568 1605 691 1654 matrem
706 1597 908 1672 comitumque
923 1608 1061 1656 catervas.

255 1687 303 1744 hic
317 1696 426 1745 armata
441 1705 552 1758 manus
568 1687 690 1744 Curetas
704 1687 824 1744 nomine
839 1688 909 1746 Grai

254 1795 329 1852 quos
344 1786 508 1834 memorant
523 1777 671 1851 Phrygios,
687 1777 762 1834 inter
775 1796 806 1835 se
821 1778 894 1834 sorte
909 1775 990 1851 quod
1005 1778 1090 1836 armis
1111 1785 1160 1848 630

254 1867 359 1925 ludunt
373 1869 403 1924 in
417 1885 630 1941 numerumque
646 1867 775 1924 exultant
789 1867 1002 1942 sanguinolenti

253 1958 391 2017 terrificas
406 1958 534 2032 capitum
550 1957 713 2033 quatientes
728 1958 847 2015 numine
862 1957 971 2030 cristas,

254 2050 395 2107 Dictaeos
409 2049 536 2105 referunt
551 2050 673 2107 Curetas
687 2050 738 2123 qui
754 2049 832 2107 Iovis
847 2049 925 2106 illum

252 2140 381 2215 vagitum
395 2140 425 2196 in
440 2139 528 2196 Creta
542 2138 693 2212 quondam
710 2140 871 2197 occultasse
886 2138 1024 2210 seruntur,

253 2248 320 2292 cum
336 2230 418 2303 pueri
432 2230 542 2286 circum
556 2247 680 2304 puerum
694 2230 814 2306 pernice
829 2229 937 2287 chorea

252 2320 372 2378 armatei
384 2320 416 2376 in
429 2338 583 2377 numerum
597 2320 746 2395 pulsarent
759 2320 873 2377 aeribus
888 2338 964 2391 aera,

252 2429 290 2468 ne
306 2412 442 2469 Saturnus
457 2428 525 2467 eum
540 2410 622 2467 malis
637 2410 790 2468 mandaret
803 2409 928 2484 adeptus

252 2511 461 2575 aetemnmque
476 2500 558 2557 daret
572 2502 654 2558 matri
670 2502 724 2559 sub
739 2510 858 2575 pectore
873 2500 985 2557 volnus.

251 2601 407 2667 propterea
421 2609 557 2665 magnam
571 2592 674 2649 armati
687 2601 809 2648 matrem
825 2591 1009 2659 comitantur,

252 2692 302 2738 aut
316 2682 385 2755 quia
398 2681 561 2756 significant
575 2680 673 2739 divam
688 2680 858 2756 praedicere
872 2690 904 2737 ut
917 2681 1004 2737 armis

252 2791 287 2829 ac
301 2772 404 2829 virtute
419 2771 508 2828 velint
521 2773 644 2846 patriam
659 2770 817 2829 defendere
832 2781 935 2828 terram

251 2861 455 2937 praesidioque
470 2872 574 2937 parent
588 2862 748 2936 decorique
763 2861 931 2935 parentibus
945 2880 1019 2919 esse.

252 2970 326 3027 quae
341 2952 416 3009 bene
432 2961 461 3009 et
475 2953 580 3010 eximie
595 2952 727 3027 quamvis
743 2952 874 3026 disposta
887 2951 1022 3021 serantur,

251 3043 338 3117 longe
353 3052 420 3101 sunt
433 3053 533 3100 tamen
547 3061 565 3100 a
578 3061 646 3099 vera
659 3042 771 3099 ratione
786 3042 909 3117 repulsa.

252 3133 347 3191 omnis
361 3134 438 3191 enim
455 3152 507 3208 per
521 3150 553 3191 se
567 3131 667 3190 divom
681 3141 783 3189 natura
796 3141 944 3190 necessest

251 3225 396 3282 inmortali
411 3242 484 3281 aevo
499 3240 613 3306 summa
627 3240 694 3279 cum
710 3240 783 3296 pace
798 3222 906 3279 fruatur

251 3325 365 3373 semota
378 3316 416 3373 ab
431 3314 534 3371 nostris
548 3313 634 3370 rebus
648 3313 838 3386 seiunctaque
851 3313 958 3388 longe3

251 3425 321 3463 nam
336 3405 448 3481 privata
462 3402 562 3460 dolore
577 3402 668 3473 omni,
682 3402 795 3477 privata
808 3403 932 3478 pericliS,

251 3490 315 3568 ipsa
329 3494 389 3552 suis
401 3493 515 3567 pollens
529 3493 644 3568 opibus,
659 3492 700 3549 nil
713 3492 813 3568 indiga
826 3494 925 3564 nostri,
