2792 4025
211 266 248 337 1.]
451 264 507 316 DE
534 262 680 316 RERUM
707 261 878 317 NATURA
1094 268 1117 333 9

208 428 357 487 arboribus
372 426 484 503 magnis
498 426 599 485 sternit
612 427 779 501 montisque
794 446 947 502 supremos

209 519 356 602 silgilragis
369 528 455 576 vexat
468 518 582 576 flabris:
605 518 645 575 ita
658 519 779 593 perfurit
792 520 851 576 acri
1069 536 1114 589 ²75

209 627 277 665 cum
292 609 407 666 fremitu
421 608 570 681 saevitque
585 608 692 665 minaci
707 627 854 666 murmure
867 596 997 685 ventus?

209 708 275 756 sunt
288 698 376 773 igitur
388 699 468 756 venti
482 698 618 755 nimirum
633 716 757 773 corpora
771 717 860 756 caeca

209 807 285 864 quae
300 806 389 860 mare,
405 806 480 862 quae
494 798 593 859 terras,
608 806 684 862 quae
699 789 828 863 denique
842 790 941 847 nubila
955 790 1028 846 caeli

209 888 326 938 verrunt
340 898 374 936 ac
389 880 485 936 subito
499 879 634 936 vexantia
647 880 762 937 turbine
776 889 900 953 raptant,

208 988 265 1026 nec
279 970 390 1027 ratione
405 968 497 1025 fluunt
511 969 566 1026 alia
580 978 764 1043 stragemque
779 979 941 1045 propagant
975 1000 993 1012 -
1066 976 1114 1025 280

210 1072 243 1146 et
253 1080 321 1119 cum
337 1062 430 1119 mollis
445 1079 538 1135 aquae
552 1061 641 1118 fertur
654 1071 757 1118 natura
769 1072 890 1135 repente

209 1152 328 1209 flumine
343 1151 514 1222 abundanti,
529 1170 617 1225 quam
631 1151 716 1226 largis
730 1152 869 1210 imbribus
883 1160 970 1227 anget

209 1242 358 1300 montibus
372 1260 409 1299 ex
422 1242 484 1299 altis
498 1259 620 1316 magnus
635 1240 772 1299 decursus
785 1242 871 1315 aquai

210 1332 350 1407 fragmina
363 1332 512 1389 coniciens
526 1332 659 1389 silvarum
674 1331 848 1405 arbustaque
862 1340 934 1405 tota,

209 1441 266 1480 nec
280 1421 366 1479 validi
380 1431 501 1496 possunt
514 1432 619 1496 pontes
633 1422 776 1479 venientis
789 1423 875 1496 aquai
1074 1430 1119 1491 285

209 1513 269 1571 vim
283 1512 408 1570 subitam
422 1512 561 1569 tolerare:
584 1512 624 1569 ita
638 1530 746 1587 magno
760 1512 892 1572 turbidus
906 1511 992 1572 imbri

211 1602 335 1660 molibus
350 1602 473 1660 incurrit
485 1601 588 1660 validis
602 1620 671 1659 cum
684 1603 792 1661 viribus
806 1604 917 1661 amnis:

211 1692 262 1751 dat
275 1692 371 1751 sonitu
387 1710 494 1767 magno
508 1703 634 1767 stragem
647 1693 794 1767 volvitque
808 1695 863 1752 snb
876 1694 963 1753 undis

211 1783 331 1859 grandia
345 1802 431 1841 saxa:
454 1784 511 1862 ruit
524 1801 582 1856 qua
596 1783 738 1857 quicquid
752 1784 887 1843 fluctibus
900 1786 1007 1845 obstat.

211 1875 253 1933 sic
267 1874 352 1949 igitur
365 1873 475 1931 debent
488 1871 567 1931 venti
582 1891 701 1948 quoque
716 1874 833 1931 flamina
846 1875 921 1947 ferri,
1071 1894 1119 1945 290

212 1983 287 2040 quae
301 1965 390 2024 veluti
403 1963 532 2023 validum
546 1982 614 2022 cum
629 1964 738 2022 flumen
753 1966 935 2039 procubuere

212 2056 372 2131 quamlibet
385 2055 416 2112 in
429 2065 550 2128 partem,
565 2054 686 2113 trudunt
699 2073 746 2112 res
760 2065 827 2112 ante
841 2067 987 2130 ruuntque
1001 2072 1004 2076 ·

213 2146 370 2222 impetibus
385 2145 502 2217 crebris
517 2144 664 2202 interdum
677 2146 786 2220 vertice
800 2154 878 2204 torto

211 2237 372 2312 corripiunt
384 2233 544 2310 rapideque
559 2235 664 2293 rotanti
678 2235 792 2292 turbine
806 2242 932 2309 portant.

212 2345 301 2403 quare
316 2326 403 2384 etiam
418 2335 505 2399 atque
520 2325 608 2382 etiam
623 2333 690 2382 sunt
703 2324 781 2380 venti
795 2341 919 2398 corpora
932 2341 1031 2396 caeca,
1073 2342 1120 2396 295

212 2415 453 2492 quandoquidem
468 2416 550 2472 factis
565 2424 595 2472 et
609 2414 738 2473 moribus
752 2415 867 2471 aemula
879 2415 993 2488 magnis

212 2508 347 2566 amnibus
362 2507 555 2576 inveniuntur,
570 2515 672 2580 aperto
686 2523 811 2580 corpore
826 2505 967 2579 quisunt
1047 2530 1060 2565 r

212 2607 275 2656 tum
290 2616 378 2673 porro
391 2597 485 2655 varios
499 2615 595 2654 rerum
609 2597 751 2653 sentimus
764 2595 873 2654 odores

173 2736 175 2742 ,
211 2707 268 2746 nec
282 2698 381 2746 tamen
395 2687 435 2745 ad
448 2687 524 2744 naris
537 2686 679 2744 venientis
694 2687 839 2743 cernimus
854 2704 1003 2760 umquam,

211 2797 268 2837 nec
283 2778 392 2836 calidos
407 2787 503 2836 aestus
517 2777 624 2834 tuimur
637 2794 694 2834 nec
709 2777 814 2850 frigora
827 2777 943 2850 quimus
1073 2797 1123 2846 300

211 2886 348 2944 usurpare
363 2868 455 2925 oculis
469 2885 525 2924 nec
538 2885 627 2924 voces
641 2884 760 2924 cernere
774 2884 911 2938 suemns;

212 2977 287 3034 quae
303 2969 402 3016 tamen
416 2958 515 3016 omnia
530 2975 671 3031 corporea
686 2965 820 3015 constare
835 2965 985 3014 necessest

212 3059 321 3120 natura,
337 3049 475 3123 quoniam
491 3066 592 3105 sensus
607 3046 745 3120 inpellere
759 3055 889 3122 possunt.

213 3147 330 3213 tangere
345 3140 423 3196 enim
438 3148 467 3196 et
482 3139 569 3213 tangi,
584 3138 639 3195 nisi
654 3154 769 3211 corpus,
784 3138 862 3194 nulla
876 3144 974 3210 potest
987 3154 1043 3194 res.

214 3227 342 3302 denique
357 3229 516 3308 fluctifrago
531 3245 688 3302 suspensae
704 3227 734 3285 in
749 3228 831 3284 litore
844 3237 939 3284 vestes
1071 3242 1122 3296 305

105 3340 108 3345 ’
213 3328 362 3390 nvescunt‚
379 3317 501 3376 eaedem
515 3317 669 3393 dispansae
683 3317 714 3375 in
728 3317 789 3374 sole
804 3325 963 3374 serescunt.

216 3418 246 3467 at
260 3427 356 3484 neque
371 3427 430 3483 quo
444 3419 532 3482 pacto
546 3408 706 3483 persederit
721 3426 805 3466 umor
818 3406 903 3480 aquai

215 3499 336 3559 visumst
349 3517 406 3557 nec
420 3518 531 3557 rursum
546 3517 606 3574 quo
620 3507 710 3574 pacto
723 3498 827 3573 fugerit
841 3506 932 3555 aestu.
