2792 4025
223 277 276 349 v.]
467 276 524 331 na
549 276 697 331 annun
724 277 900 333 NATURA
1071 284 1130 350 153

223 438 277 499 sed
291 438 397 514 pariter
409 438 505 514 prima
517 446 664 513 concepta
677 439 716 497 ab
729 438 840 515 origine
854 440 958 499 mundi

224 539 362 604 certaque
377 547 443 604 pars
457 529 528 599 eius,
543 528 626 603 quasi
640 528 726 588 nobis
740 530 872 588 membra
886 529 1029 591 videntur.

222 630 373 697 praeterea
384 618 487 694 grandi
501 619 609 677 tonitru
623 636 768 678 concussa
780 630 911 694 repente,
1080 640 1093 693 5
1097 641 1129 695 5ο

221 720 298 768 terra
310 727 398 785 supra
411 727 486 785 quae
500 727 531 766 se
545 717 613 765 sunt
627 710 759 768 concutit
773 710 874 769 omnia
889 719 991 784 motu3

155 821 158 827 ·
223 799 306 875 quod
320 800 415 858 lacere
431 800 501 857 haut
514 799 573 857 ulla
585 808 686 874 posset
698 800 820 871 ratione,
836 800 892 859 nisi
906 810 984 861 esset

222 890 351 966 partibus
364 889 448 947 aeriis
462 888 565 946 mundi
578 890 721 963 caeloque
735 890 872 947 revincta.

222 998 292 1038 nam
305 980 511 1037 communibus
524 979 600 1037 inter
612 997 644 1037 se
658 981 804 1038 radicibus
818 980 940 1041 haerent

222 1088 260 1128 ex
272 1070 391 1128 ineunte
405 1088 479 1127 aevo
493 1065 650 1127 coniuncta
663 1079 751 1145 atque
766 1070 862 1127 uniter
876 1080 955 1145 apta.
1081 1091 1128 1144 555

221 1178 322 1219 nonne
335 1159 418 1218 vides
431 1160 520 1217 etiam
534 1178 623 1234 quam
637 1178 745 1234 magno
760 1159 892 1234 pondere
906 1161 992 1221 nobis

222 1251 361 1308 sustineat
374 1268 482 1324 corpus
495 1250 665 1307 tenuissima
678 1251 721 1307 vis
735 1250 842 1309 animai

222 1350 378 1417 propterea
392 1340 461 1415 quia
474 1350 535 1397 tam
549 1340 707 1397 coniuncta
721 1344 813 1415 atque'
824 1341 919 1401 uniter
933 1352 1002 1418 apta
1016 1343 1081 1401 est?

223 1429 351 1505 denique
365 1431 423 1487 iam
437 1430 511 1489 saltu
526 1430 638 1505 pernici
652 1430 754 1488 tollere
768 1448 875 1506 corpus

224 1520 296 1595 quid
309 1521 386 1596 potis
397 1531 441 1579 est
451 1520 507 1579 nisi
516 1521 559 1579 vis
569 1520 659 1578 animi
673 1538 749 1595 quae
758 1522 891 1580 membra
903 1522 1065 1597 gubernat?
1079 1530 1128 1595 560

223 1611 320 1669 iamne
334 1610 417 1669 vides
430 1620 572 1685 quantum
586 1611 683 1669 tenuis
696 1620 799 1669 natura
812 1612 906 1671 valere

221 1702 324 1777 possit,
338 1701 389 1760 ubi
403 1710 447 1759 est
461 1701 620 1759 coniuncta
631 1701 711 1776 gravi
725 1719 793 1761 curn
808 1720 939 1777 corpore,
955 1713 986 1761 ut
1000 1703 1050 1762 abr

221 1793 396 1850 coniunctus
410 1792 492 1849 terris
506 1801 536 1850 et
549 1792 634 1851 n‘obis
648 1801 693 1850 est
707 1793 796 1850 animi
809 1792 873 1851 vis?

263 1883 292 1939 N
295 1900 330 1939 ec
344 1882 436 1939 nimio
449 1882 517 1940 solis
532 1882 624 1940 maior
636 1892 702 1940 rota
714 1900 771 1940 nec
785 1883 881 1941 minor
894 1883 981 1942 ardor

221 1988 286 2031 esse
299 1981 406 2048 potest,
421 1972 525 2031 nostris
540 1991 629 2048 quam
643 1973 775 2032 sensibus
790 1990 853 2031 esse
868 1973 990 2033 videtur.
1080 1982 1126 2048 565

220 2081 290 2122 nam
304 2063 412 2137 quibus
427 2081 444 2120 e
458 2064 560 2138 spatiis
572 2081 701 2137 cumque
716 2064 797 2137 ignes
811 2064 920 2121 lumina
933 2075 1056 2139 possunt

220 2153 337 2211 adicere
351 2163 381 2211 et
393 2152 522 2210 calidum
537 2153 675 2211 membris
689 2153 797 2210 adflare
811 2171 959 2229 vaporem,

219 2244 261 2303 nil
274 2244 322 2301 illa
335 2243 380 2302 his
394 2244 549 2302 intervallis
563 2243 601 2300 de
616 2261 740 2318 corpore
756 2244 845 2302 libant

136 2325 141 2332 ⁵
220 2334 411 2404 flammarum,
426 2333 467 2391 nil
479 2332 519 2391 ad
532 2333 663 2408 speciem
678 2343 722 2391 est
737 2334 912 2392 contractior
926 2334 1010 2409 ignis.

219 2423 354 2500 proinde,
368 2424 448 2482 calor
460 2424 601 2498 quoniam
614 2424 682 2481 solis
696 2424 854 2498 lumenque
869 2424 1018 2498 profusum
1075 2445 1124 2496 570

219 2515 393 2591 perveniunt
406 2524 520 2573 nostros
534 2513 574 2573 ad
588 2531 690 2571 sensus
706 2523 735 2571 et
749 2513 815 2570 loca
828 2514 967 2587 mulcent,

219 2606 313 2663 sonna
327 2623 445 2680 qnoque
459 2605 529 2663 hinc
542 2605 612 2663 solis
626 2603 716 2661 debet
731 2604 870 2678 filumque
884 2604 985 2675 videri,

219 2695 262 2755 nil
275 2695 352 2752 adeo
365 2705 397 2753 ut
411 2697 504 2770 possis
518 2696 584 2770 plus
597 2703 647 2752 aut
660 2695 758 2752 minus
771 2693 892 2765 addere,
907 2713 985 2754 vere.

220 2785 348 2859 lunaque
363 2786 421 2842 sive
436 2785 530 2842 notho
544 2785 632 2842 fertur
645 2783 712 2841 loca
726 2784 835 2841 lumine
850 2784 973 2843 lustrans
1080 2802 1127 2856 5⁷5

220 2875 280 2932 sive
295 2893 377 2932 suam
391 2876 509 2949 proprio
524 2876 612 2932 iactat
625 2874 664 2933 de
679 2892 803 2948 corpore
818 2875 927 2946 lucem,

221 2963 366 3039 quidquid
379 2964 411 3022 id
424 2975 478 3036 est,
492 2965 553 3022 nilo
567 2966 654 3022 fertur
668 2965 778 3022 maiore
793 2965 885 3040 figura

220 3073 318 3130 quam,
333 3056 438 3113 nostris
452 3056 543 3113 oculis
557 3074 616 3129 qua
629 3057 785 3129 cernimus,
800 3072 864 3114 esse
878 3054 1003 3114 videtur.

218 3163 288 3203 nam
302 3146 381 3221 prius
395 3146 502 3217 omnia,
517 3163 592 3220 quae
607 3146 693 3221 longe
709 3157 823 3206 semota
836 3156 953 3204 tuemur

219 3239 287 3295 a'e'ra
299 3236 497 3311 permultum,
511 3235 610 3310 specie
625 3237 747 3294 confusa
760 3236 897 3294 videntur
1083 3242 1129 3305 580

219 3342 308 3400 quam
322 3326 414 3383 minui
428 3326 516 3384 filum.
532 3336 711 3401 quapropter
724 3326 792 3385 luna
805 3343 926 3384 necesse
941 3333 995 3397 est,

220 3414 461 3492 quandoquidem
475 3416 582 3476 claram
595 3417 728 3491 speciem
742 3425 911 3492 certamque
926 3415 1050 3492 figuram

219 3507 350 3582 praebet,
363 3515 396 3564 ut
410 3515 454 3565 est
467 3506 525 3565 oris
539 3507 674 3566 extremis
688 3525 817 3582 cumque
831 3515 934 3566 notata
990 3580 992 3584 Ι
