2792 4025
273 283 334 331 110
606 280 837 336 nuenarius
1106 282 1172 355 [ιν.

268 442 318 517 qui
333 441 418 500 simul
432 449 520 516 atque
534 441 595 500 vias
609 442 762 500 oculorum
775 442 841 500 luce
855 442 978 517 replevit

267 543 356 608 atque
370 532 508 608 patefecit
521 550 594 606 quas
607 541 675 590 ante
690 531 845 590 obsederat
857 537 908 592 aer
1125 555 1156 607 34
1158 554 1171 607 5

267 633 338 696 ater,
353 623 494 681 continuo
508 639 605 680 rerum
620 623 773 680 simulacra
786 632 924 681 secuntur

268 732 343 789 quae
358 714 413 772 sita
425 722 492 772 sunt
506 713 536 770 in
550 712 624 783 luce,
639 713 843 787 lacessuntque
858 722 890 771 ut
903 712 1065 775 videamus.

268 803 349 880 quod
363 814 464 862 contra
478 804 573 862 lacere
587 803 617 860 in
632 803 759 860 tenebris
774 821 791 860 e
805 803 871 861 luce
885 805 1041 879 nequimus

267 905 423 969 propterea
436 895 505 969 quia
518 893 662 970 posterior
675 893 804 967 caliginis
819 897 867 953 aer

267 985 389 1042 crassior
403 984 563 1059 insequitur
576 984 627 1059 qui
641 992 749 1042 cuncta
762 983 906 1042 foramina
918 986 1050 1061 complet
1124 1006 1173 1058 350

267 1075 432 1151 obsiditque
446 1076 507 1133 vias
521 1075 683 1145 oculorum,
697 1091 737 1131 ne
751 1073 905 1131 simulacra

266 1167 378 1241 possint
392 1167 513 1224 ullarum
527 1183 623 1223 rerum
638 1164 774 1223 coniecta
786 1183 915 1224 movere.

266 1257 479 1331 quadratasque
493 1256 596 1331 procul
610 1256 693 1314 turris
708 1273 776 1313 cum
791 1256 936 1314 cernimus
948 1256 1037 1328 urbis,

264 1357 420 1422 propterea
434 1348 466 1404 fit
480 1347 522 1404 uti
535 1346 689 1404 videantur
702 1363 791 1420 saepe
804 1345 958 1418 rutundae,

240 1483 244 1490 .
264 1438 387 1513 angulus
401 1447 524 1512 optusus
541 1438 610 1512 quia
623 1437 711 1511 longe
725 1436 853 1494 cernitur
866 1437 963 1495 omnis
1124 1456 1172 1510 355

265 1528 325 1586 sive
339 1529 428 1588 etiam
442 1529 540 1602 potius
555 1545 616 1585 non
630 1527 759 1584 cernitur
772 1545 807 1584 ac
821 1526 897 1601 perit
910 1527 973 1585 eius

264 1618 351 1693 plaga
364 1637 420 1676 nec
434 1619 472 1675 ad
487 1627 600 1676 nostras
614 1618 692 1676 acies
707 1617 864 1692 perlabitur
877 1618 962 1689 ictus,

264 1711 332 1767 aera
345 1726 398 1784 per
412 1709 534 1765 multum
550 1708 619 1783 quia
631 1707 704 1765 dum
719 1707 872 1766 simulacra
885 1709 1025 1780 seruntur,

264 1799 344 1874 cogit
358 1799 517 1857 hebescere
532 1816 600 1856 eum
615 1799 723 1856 crebris
737 1799 895 1856 offensibus
909 1802 966 1858 aer.

264 1889 322 1947 hoc
336 1889 386 1946 ubi
400 1888 516 1963 suffugit
530 1907 647 1946 sensum
662 1889 747 1947 simul
760 1889 882 1963 angulus
896 1888 1002 1959 omnis,
1123 1896 1174 1960 360

263 1979 297 2039 fit
310 1979 392 2055 quasi
406 1989 438 2038 ut
452 1978 491 2038 ad
505 1988 621 2038 tornum
636 1997 772 2038 saxorum
786 1989 895 2038 structa
908 1988 1057 2051 terantur;

262 2089 324 2129 non
338 2081 437 2129 tamen
451 2080 483 2128 ut
497 2089 597 2128 coram
612 2088 687 2145 quae
702 2079 769 2128 sunt
782 2088 913 2144 vereque
928 2068 1065 2143 rutunda,

263 2161 316 2220 sed
331 2162 412 2237 quasi
426 2160 622 2219 adumbratim
636 2160 756 2235 pa‘ulum
771 2160 903 2218 simulata
916 2159 1065 2218 videntur.

261 2252 365 2309 umbra
378 2251 492 2309 videtur
506 2252 575 2309 item
590 2251 676 2309 nobis'
691 2252 721 2309 in
736 2251 796 2309 sole
812 2251 923 2308 moveri

261 2352 292 2401 et
305 2343 425 2418 vestigia
439 2352 537 2401 nostra
551 2342 634 2417 sequi
648 2352 821 2417 gestumque
836 2341 961 2413 imitari3
1123 2349 1171 2414 ³⁶5

261 2436 330 2492 a'e'ra
343 2434 368 2491 si
381 2432 476 2491 credis
492 2434 634 2507 privatum
648 2433 758 2489 lumine
773 2449 861 2507 posse

260 2522 426 2598 indugredi,
441 2533 538 2580 motus
553 2522 706 2581 hominurn
721 2532 894 2597 gestumque
909 2532 1104 2596 sequentem3

259 2631 329 2671 narn
344 2613 384 2670 nil
398 2631 461 2671 esse
476 2622 574 2688 potest
587 2613 657 2671 aliut
671 2614 726 2670 nisi
740 2613 848 2670 lumine
862 2630 962 2671 cassus

260 2704 310 2761 aer
324 2702 355 2761 id
369 2702 451 2778 quod
465 2722 520 2760 nos
534 2703 667 2761 umbram
681 2703 835 2777 perhibere
849 2707 978 2763 suimus.
1082 2766 1085 2771 ,

259 2796 396 2854 nimimrn
412 2795 480 2871 quia
494 2805 569 2854 terra
582 2796 655 2853 locis
670 2814 708 2853 ex
722 2795 825 2854 ordine
840 2796 926 2853 certis
1122 2815 1172 2867 370

259 2886 369 2944 lumine
383 2888 512 2961 privatur
524 2887 593 2944 solis
608 2904 795 2961 quacumque
810 2895 942 2943 meantes

260 2976 414 3050 efficimus,
428 2977 556 3051 repletur
570 2978 641 3034 item
655 2976 737 3052 quod
752 2977 889 3051 liquimus
903 2976 976 3048 eius,

259 3076 416 3141 propterea
430 3066 463 3123 fit
477 3067 518 3123 uti
532 3066 674 3139 videatur,
689 3083 766 3141 quae
781 3066 834 3123 suit
848 3066 953 3123 umbra

260 3156 400 3231 corporis
415 3174 431 3213 e
445 3156 565 3230 regione
580 3156 686 3214 eadem
701 3174 755 3214 nos
769 3174 863 3229 usque
877 3165 988 3213 secuta.

260 3263 377 3320 semper
390 3246 468 3303 enim
483 3264 560 3303 nova
574 3265 605 3305 se
619 3246 768 3305 radiorum
782 3246 892 3303 lumina
905 3245 1032 3304 fundunt
1081 3316 1084 3320 y
1122 3265 1169 3318 375

258 3337 411 3413 primaque
425 3336 604 3413 dispereunt,
619 3337 704 3413 quasi
717 3337 746 3394 in
762 3336 862 3411 ignem
876 3335 942 3394 lana
955 3338 1091 3397 trahatur.

259 3437 416 3503 propterea
428 3426 513 3485 facile
527 3436 558 3485 et
571 3428 711 3502 spoliatur
723 3426 832 3483 lumine
847 3436 922 3484 terra

260 3528 290 3576 et
304 3519 431 3596 repletur
444 3518 515 3576 item
529 3518 683 3593 nigrasque
699 3518 753 3576 sibi
764 3517 855 3575 abluit
868 3518 995 3576 umbras.
