2792 4025
243 261 311 333 vn]
477 264 532 316 na
558 264 706 318 annun
731 265 904 321 uarum
1089 266 1146 333 195

241 426 274 484 fit
288 441 417 501 quoque,
431 425 482 484 ubi
496 425 527 483 in
540 444 660 501 magnas
675 433 769 500 aqtlae
779 437 934 502 vastasque
948 428 1069 487 lucunas

241 516 327 591 gleba
340 527 495 574 vestustate
509 535 526 573 e
540 526 616 573 terra
630 518 807 592 provolvitur
821 519 933 593 ingens

241 616 273 665 ut
287 608 409 665 iactetur
422 626 515 681 aquae
530 607 619 664 fluctu
634 626 753 682 quoque
768 619 843 666 terra
857 610 1013 683 vacillaus3

241 707 273 756 ut
285 716 336 755 vas
351 697 496 756 interdum
511 716 572 754 non
585 698 648 772 quit
662 709 805 770 constare,
820 700 875 757 nisi
889 719 974 758 umor
1098 717 1144 770 555

241 787 352 845 destitit
365 788 396 845 in
410 787 500 846 dubio
515 788 603 845 fluctu
617 788 752 845 iactarier
762 790 849 847 intus

281 880 434 935 Praeterea
446 887 550 952 ventus
564 897 633 935 cum
648 897 702 954 per
715 879 781 936 loca
794 880 922 938 subcava
934 890 1028 939 terrae

240 968 382 1027 collectus
396 978 478 1043 parte
493 986 530 1025 ex
543 987 602 1025 una
615 969 784 1043 procumbit
798 979 827 1028 et
841 980 924 1046 urget

241 1058 366 1117 obnixus
379 1059 493 1133 magnis
506 1059 661 1132 speluncas
674 1059 783 1116 viribus
797 1060 876 1131 altaS,

239 1148 386 1206 incumbit
400 1149 484 1206 tellus
499 1166 559 1222 quo
573 1149 652 1206 venti
666 1167 760 1223 prona
774 1150 878 1223 premit
892 1151 943 1207 vis.
1098 1156 1147 1219 560

238 1248 302 1297 tum
316 1257 421 1314 supera
434 1248 540 1296 terram
555 1257 631 1313 quae
645 1248 713 1296 sunt
727 1249 858 1297 extructa
872 1239 1029 1298 domorum

238 1328 278 1387 ad
291 1330 465 1405 caelumque
478 1330 571 1404 magis
585 1339 696 1403 quanto
711 1339 778 1387 sunt
792 1329 871 1387 edita
885 1348 1031 1405 quaeque,

237 1420 376 1477 inclinata
389 1430 503 1478 tument
517 1420 547 1477 in
561 1419 688 1477 eandem
703 1419 819 1495 prodita
832 1431 945 1495 partem

237 1520 460 1587 protractaeque
474 1511 570 1568 trabes
584 1509 748 1585 inpendent
763 1511 802 1568 ire
818 1520 945 1585 paratae.

237 1611 268 1659 et
281 1611 415 1660 metuunt
429 1602 527 1677 magni
541 1611 674 1659 naturam
688 1601 810 1659 credere
825 1601 928 1659 mundi
1097 1608 1144 1673 565

237 1692 350 1750 exitiale
364 1692 484 1771 aliquod
498 1702 614 1766 tempus
629 1691 803 1766 clademque
819 1710 946 1763 manere,

236 1800 306 1840 cum
319 1781 438 1840 videant
451 1791 561 1840 tantam
576 1792 715 1839 terrarum
730 1782 899 1840 incumbere
915 1782 1025 1841 molem
1038 1784 1045 1841 1

236 1872 387 1947 quodnisi
401 1873 543 1948 respirent
555 1874 643 1942 venti,
657 1873 700 1931 vis
715 1873 793 1930 nulla
806 1872 932 1929 refrenet

235 1981 282 2023 res
296 1981 394 2039 neque
408 1964 446 2022 ab
460 1964 549 2022 exitio
563 1964 655 2039 possit
668 1962 885 2039 reprehendere
900 1962 1004 2022 euntis.

236 2073 316 2112 nunc
329 2055 398 2129 quia
411 2056 553 2129 respirant
566 2054 682 2111 alternis
696 2055 785 2129 inque
800 2063 975 2128 gravescunt
1095 2073 1144 2124 570

237 2154 267 2203 et
280 2145 362 2219 quasi
377 2144 492 2202 collecti
505 2142 630 2201 redeunt
644 2143 813 2218 ceduntque
828 2144 944 2218 repulsi,

236 2236 352 2310 saepius
366 2234 442 2292 hane
456 2235 496 2292 ob
510 2252 572 2291 rem
587 2234 735 2291 minitatur
748 2244 824 2291 terra
837 2234 933 2291 ruinas

236 2343 326 2400 quam
340 2324 427 2396 sacit;
449 2324 604 2382 inclinatur
617 2325 696 2381 enim
711 2333 847 2398 retroque
861 2323 972 2382 recellit

236 2425 266 2473 et
279 2416 383 2490 recipit
396 2415 531 2490 prolapsa
545 2432 612 2472 suas
626 2414 656 2471 in
670 2413 804 2488 pondera
818 2413 913 2472 sedes.

236 2505 291 2564 hac
306 2506 391 2580 igitur
403 2506 516 2563 ratione
529 2504 665 2562 vacillant
679 2505 779 2562 omnia
792 2513 880 2575 tecta,
1095 2523 1125 2576 57
1128 2522 1141 2576 5

235 2614 351 2654 summa
364 2597 456 2672 magis
471 2593 584 2667 mediis,
598 2594 700 2652 media
714 2595 787 2666 imis,
803 2595 862 2652 ima
875 2594 1028 2669 perhilum.

277 2688 330 2744 Est
344 2686 416 2744 haec
431 2685 562 2744 eiusdem
578 2703 698 2759 quoque
714 2686 811 2759 magni
826 2703 914 2742 causa
927 2684 1067 2755 tremoris,

234 2788 338 2835 ventus
352 2777 402 2835 ubi
416 2787 504 2851 atque
518 2777 634 2834 animae
648 2776 745 2834 subito
759 2776 801 2832 vis
816 2776 944 2833 maxima
957 2774 1104 2849 quaedam

187 2870 192 2876 “
235 2877 285 2925 aut
299 2868 476 2926 extrinsecus
490 2877 540 2924 aut
554 2867 617 2941 ipsa
631 2866 732 2924 tellure
746 2875 848 2923 coorta

235 2957 266 3015 in
279 2957 346 3015 loca
359 2976 390 3016 se
405 2976 478 3015 cava
491 2958 576 3014 terrai
590 2957 717 3014 coniecit
732 2956 830 3030 ibique
1096 2961 1145 3027 580

234 3048 388 3123 speluncas
402 3049 478 3105 inter
491 3065 611 3122 magnas
626 3047 720 3104 fremit
734 3056 802 3104 ante
816 3046 942 3105 tumultu

234 3138 476 3213 versabundaque
490 3147 630 3213 portatur,
639 3147 713 3212 post
727 3137 817 3194 incita
830 3155 899 3194 cum
912 3137 955 3195 vis

235 3230 379 3304 exagitata
392 3231 468 3287 foras
482 3229 641 3303 erumpitur
655 3238 685 3285 et
698 3227 783 3286 simul
798 3227 885 3285 altam

235 3319 393 3378 diffindens
407 3328 512 3376 terram
526 3336 665 3393 magnum
680 3319 838 3375 concinnat
853 3317 972 3375 hiatum.

235 3410 266 3467 in
280 3411 360 3486 Syn'a
373 3409 482 3468 Sidone
496 3408 578 3484 quod
591 3407 700 3466 accidit
714 3419 743 3466 et
757 3408 810 3465 suit
823 3408 897 3483 Aegi
1095 3414 1142 3477 585

235 3500 266 3559 in
280 3501 495 3577 Peloponneso,
509 3518 582 3574 quas
596 3499 690 3557 exitus
704 3498 753 3556 hic
766 3498 875 3556 animai
