2792 4025
267 264 333 312 200
427 276 432 285 .
601 262 834 318 rucnsrrus
1108 266 1175 339 [vr.

270 440 338 481 cum
353 441 432 481 mare
447 433 614 499 permotum
627 424 722 483 ventis
735 425 791 483 ruit
806 425 883 484 intus
897 425 1057 502 harenam3

269 531 329 589 quo
344 515 377 571 fit
391 514 432 571 uti
447 524 535 589 pacto
549 514 622 573 liber
634 515 731 573 minus
745 516 839 573 exitus
853 517 934 575 amni

270 615 300 661 et
313 605 448 680 proclivis
463 605 532 662 item
546 605 596 663 liat
610 605 707 663 minus
721 606 847 681 impetus
861 606 957 682 undis.

269 694 302 751 fit
316 712 434 769 quoque
449 696 491 753 uti
505 696 619 769 pluviae
633 695 731 753 forsan
745 696 836 770 magis
850 696 889 754 ad
903 707 992 772 caput
1006 698 1034 756 ei

268 794 401 861 tempore
416 803 452 843 eo
467 786 547 855 liant,
561 784 644 859 quod
657 786 748 844 etesia
762 785 851 845 flabra
863 788 1035 862 aquilonum
1128 809 1177 861 730

267 875 367 934 nubila
380 875 529 933 coniciunt
543 876 573 933 iu
588 893 637 933 eas
650 886 722 935 tunc
735 878 835 935 omnia
848 878 948 952 partis.

267 966 378 1023 scilicet
392 965 429 1023 ad
444 965 573 1023 mediam
587 966 737 1041 regionem
753 967 848 1025 eiecta
862 966 921 1025 diei

268 1075 336 1113 curn
351 1066 561 1125 convenerunt,
576 1056 616 1114 ibi
630 1056 669 1113 ad
682 1057 757 1115 altos
771 1056 901 1133 denique
915 1060 1024 1118 montis

267 1157 422 1204 contrusae
436 1147 530 1204 nubes
544 1156 691 1220 coguntur
704 1147 790 1221 vique
804 1159 985 1222 premuntur.

267 1238 386 1296 forsitan
401 1237 579 1311 Aethiopum
594 1237 711 1311 penitus
725 1236 764 1295 de
778 1239 927 1297 montibus
941 1240 1004 1299 altis
1126 1260 1174 1313 735

267 1338 387 1399 crescat,
404 1328 452 1385 ubi
468 1328 498 1384 iu
512 1345 634 1402 campos
648 1327 729 1385 albas
743 1327 925 1388 descendere
939 1331 1064 1407 ningues

266 1419 389 1477 tabificis
403 1418 510 1493 subigit
523 1416 611 1475 radiis
625 1418 670 1475 sol
682 1418 784 1475 omnia
798 1419 930 1478 lustrans.

307 1509 396 1566 Nunc
406 1526 470 1584 age,
481 1510 596 1565 Averna
602 1508 655 1566 tibi
664 1526 740 1582 quae
751 1508 809 1566 sint
819 1509 885 1567 loca
895 1528 1023 1586 cumque
1034 1512 1174 1587 lacusque

267 1599 435 1674 expediam,
450 1599 528 1674 quali
542 1609 646 1656 natura
658 1597 791 1673 praedita
804 1609 950 1660 constent.

265 1690 418 1766 principio,
434 1689 516 1764 quod
531 1691 646 1747 Averna
658 1700 800 1747 vocantur
813 1691 944 1763 nomine,
960 1690 993 1749 id
1008 1692 1046 1751 ab
1059 1712 1091 1753 re
1127 1714 1176 1762 740

264 1782 462 1856 inpositumst‚
477 1781 546 1855 quia
559 1790 627 1839 sunt
640 1781 742 1839 avibus
756 1782 900 1840 contraria
917 1784 1040 1856 cunctis,

266 1890 283 1929 e
297 1873 417 1947 regione
432 1889 468 1929 ea
481 1870 563 1945 quod
577 1872 643 1929 loca
656 1889 725 1928 cum
739 1889 845 1929 venere
859 1873 1000 1946 volantes,

264 1963 369 2039 remigi
383 1962 491 2021 oblitae
505 1979 668 2037 pennarum
683 1961 748 2020 vela
761 1962 913 2022 remittunt

264 2054 497 2130 praecipitesque
513 2052 623 2110 cadunt
636 2054 717 2110 molli
731 2054 845 2112 cervice
859 2056 995 2128 profusae

261 2146 295 2204 in
310 2155 424 2215 terram,
438 2145 463 2202 si
477 2145 551 2202 forte
565 2143 606 2201 ita
618 2143 673 2201 fert
686 2153 788 2202 natura
802 2143 945 2216 locorum,
1126 2165 1173 2218 745

264 2246 315 2294 aut
329 2237 358 2293 iu
372 2253 489 2310 aquam,
504 2234 527 2292 si
541 2234 614 2292 forte
629 2233 710 2292 lacus
724 2234 883 2293 substratus
898 2235 1040 2295 Avernist.

265 2327 289 2384 is
304 2328 386 2385 locus
400 2335 445 2383 est
458 2326 568 2384 Cumas
583 2333 663 2400 aput,
677 2324 737 2382 acri
751 2325 868 2400 sulpure
883 2336 999 2384 montes

265 2417 378 2493 oppleti
392 2415 492 2474 calidis
505 2416 556 2473 ubi
570 2414 683 2473 fumant
696 2414 825 2474 fontibus
840 2417 927 2474 aucti.

265 2518 310 2565 est
324 2517 354 2565 et
368 2507 526 2564 Athenaeis
540 2506 570 2564 in
584 2506 749 2577 moenibus,
764 2506 837 2564 arcis
852 2506 882 2563 in
896 2507 960 2581 ipso

264 2599 383 2669 vertice,
400 2596 524 2654 Palladis
538 2595 577 2653 ad
591 2596 733 2671 templum
748 2595 907 2654 Tritonidis
922 2597 1025 2668 almae,
1121 2616 1171 2670 75ο

265 2708 326 2763 quo
341 2705 503 2762 numquam
517 2687 621 2761 pennis
635 2687 786 2761 appellunt
799 2704 924 2761 corpora
937 2705 1043 2745 raucae

265 2780 410 2850 cornices,
425 2796 486 2835 non
501 2797 568 2834 cum
585 2777 696 2835 fumant
710 2777 810 2834 altaria
824 2777 910 2835 donis
922 2798 930 2849 ;

265 2869 449 2945 usqueadeo
464 2868 587 2943 fugitant
603 2887 664 2925 non
678 2869 734 2926 iras
749 2867 872 2926 Palladis
886 2868 960 2926 acris

265 2961 395 3037 pervigili
409 2978 508 3029 causa,
523 2959 645 3018 Graium
660 2968 692 3016 ut
706 2959 840 3016 cecinere
855 2968 971 3035 poetae,

264 3051 320 3112 sed
335 3061 438 3110 natura
452 3051 509 3108 loci
524 3068 583 3125 ope
597 3049 704 3107 sufficit
718 3050 782 3124 ipsa
796 3058 909 3125 suapte.
1125 3067 1172 3120 755

264 3144 295 3202 in
310 3143 390 3217 Syria
402 3159 523 3218 quoque
536 3142 625 3198 fertur
639 3141 709 3198 item
722 3140 805 3198 locus
819 3157 883 3197 esse
898 3139 997 3211 videri,

265 3232 462 3308 quadripedes
477 3250 596 3307 quoque
610 3249 670 3306 quo
685 3230 771 3288 simul
785 3249 820 3287 ac
834 3231 956 3310 vestigia
969 3229 1096 3305 primum

264 3324 422 3393 intulerint,
436 3323 560 3398 graviter
572 3323 615 3379 vis
630 3330 718 3396 cogat
731 3319 890 3378 concidere
905 3321 977 3396 ipsa,

265 3414 401 3472 manibus
415 3422 447 3470 ut
460 3413 485 3469 si
499 3412 556 3469 sint
570 3411 643 3469 divis
657 3419 785 3468 mactata
797 3421 928 3485 repente.

266 3503 367 3575 omnia
381 3520 456 3576 quae
470 3500 593 3559 naturali
606 3500 718 3557 ratione
732 3509 878 3574 geruntur,
