2792 4025
245 281 315 354 ni]
483 283 538 335 na
564 283 711 336 RERUM
737 256 910 340 riarium
1105 273 1146 352 83

241 451 422 501 commutare
436 442 567 500 animum
581 442 761 518 quicumque
774 443 906 502 adoritur
917 453 948 503 et
960 445 1024 504 infit
1097 464 1127 518 51
1130 464 1145 518 5

241 543 292 591 aut
305 533 389 591 aliam
405 534 536 608 quamvis
550 543 682 591 naturam
696 535 812 592 flectere
827 536 958 610 quaerit3

241 632 271 681 at
281 641 377 698 neque
392 624 536 682 transferri
550 624 604 682 sibi
618 625 707 699 partis
721 643 777 683 nec
791 626 878 683 tribui
892 621 952 685 vult

241 713 393 772 inmortale
408 713 490 788 quod
504 725 547 772 est
561 715 720 789 quicquam
734 734 831 790 neque
846 716 973 776 defluere
988 717 1088 777 hilum.

241 822 310 862 narn
324 804 533 880 quodcumque
548 806 606 863 suis
621 815 763 863 mutatum
778 808 885 867 finibus
898 809 966 882 exit,

241 895 382 953 continuo
397 895 454 954 hoc
470 914 547 954 mors
562 905 606 953 est
620 896 693 954 illius
709 897 790 971 quod
804 899 857 956 fuit
871 909 948 957 ante.
1098 917 1148 970 5²0

241 1004 310 1062 ergo
325 988 439 1044 animus
453 987 513 1045 sive
528 987 678 1063 aegrescit,
693 989 825 1046 mortalia
839 989 921 1064 signa

241 1077 337 1150 mittit,
352 1078 393 1134 uti
407 1077 506 1148 docui,
521 1095 573 1136 seu
588 1077 713 1136 flectitur
725 1097 744 1136 a
758 1079 914 1138 medicina.

240 1187 333 1244 usque
348 1168 424 1227 adeo
439 1168 526 1226 salsae
540 1169 644 1227 rationi
657 1187 725 1227 vera
738 1169 853 1228 videtur

240 1278 286 1317 res
300 1276 453 1317 occurrere
467 1267 497 1316 et
511 1258 648 1334 effugium
663 1259 852 1334 praecludere
868 1259 950 1319 eunti

240 1350 418 1425 ancipitique
432 1349 555 1407 refutatu
571 1351 746 1408 convincere
760 1351 873 1408 salsum.
1098 1368 1145 1423 ⁵²5

281 1441 417 1516 Denique
432 1459 520 1516 saepe
535 1441 683 1500 hominem
698 1442 839 1517 paulatim
853 1442 999 1499 cernimus
1014 1443 1055 1499 ire
1122 1475 1134 1484 -
1151 1487 1160 1494 .

241 1540 272 1589 et
285 1532 468 1590 membratim
481 1532 596 1589 vitalem
611 1531 774 1607 deperdere
789 1550 927 1604 sensum3

240 1621 271 1680 in
285 1621 409 1696 pedibus
422 1623 547 1698 primum
563 1622 669 1698 digitos
683 1623 820 1680 livescere
835 1632 866 1681 et
880 1622 994 1697 unguis,

241 1712 310 1770 inde
324 1712 417 1788 pedes
431 1723 461 1770 et
474 1731 557 1771 crura
571 1713 653 1783 mori,
669 1723 737 1788 post
751 1713 820 1772 inde
834 1732 887 1789 per
900 1723 978 1772 artus

240 1803 281 1861 ire
295 1803 366 1861 alios
380 1804 494 1860 tractim
508 1803 596 1878 gelidi
609 1805 730 1879 vestigia
742 1804 801 1862 leti.
1099 1823 1147 1874 5³0

242 1892 383 1953 scinditur
397 1895 476 1968 itque
491 1894 604 1952 animae
620 1894 677 1951 hoc
692 1895 832 1969 quoniam
847 1904 950 1953 natura
963 1911 1019 1951 nec
1034 1911 1094 1952 uno

241 1995 373 2061 tempore
388 1985 501 2043 sincera
515 1985 619 2057 existit,
635 1985 763 2043 mortalis
778 1984 948 2046 habendast.

241 2077 323 2152 quod
337 2078 360 2135 si
374 2077 447 2134 forte
458 2086 542 2151 putas
557 2076 651 2151 ipsam
665 2094 696 2134 se
711 2094 799 2150 posse
813 2094 866 2151 per
879 2087 957 2134 artus

241 2168 382 2226 introsum
397 2167 509 2225 trahere
525 2177 554 2224 et
568 2167 656 2242 partis
671 2166 838 2224 conducere
853 2166 883 2223 in
896 2185 989 2223 unum

240 2268 328 2333 atque
343 2257 412 2315 ideo
426 2257 539 2315 cunctis
553 2276 671 2315 sensum
686 2255 834 2314 deducere
850 2257 996 2328 membris,
1097 2274 1146 2329 535

240 2358 270 2406 at
284 2350 365 2406 locus
380 2348 426 2406 ille
440 2357 548 2418 tamen,
564 2365 623 2421 quo
638 2347 726 2421 copia
739 2354 820 2403 tanta
833 2346 942 2404 animai

241 2439 363 2514 cogitur,
376 2439 408 2496 in
421 2457 507 2497 sensu
522 2436 612 2495 debet
626 2437 736 2494 maiore
749 2436 860 2509 videri;

241 2530 445 2604 quiquoniam
459 2536 639 2603 nusquamst,
654 2528 789 2585 nimirum
806 2536 838 2584 ut
851 2526 977 2585 diximus
992 2536 1069 2598 ante,

241 2620 378 2678 dilaniata
390 2620 466 2677 foras
480 2619 662 2695 dispargitur,
677 2619 774 2676 interit
787 2636 867 2693 ergo.

241 2711 312 2785 quin
327 2710 414 2767 etiam
428 2710 452 2767 si
466 2710 524 2767 iam
538 2710 626 2767 libeat
639 2708 806 2767 concedere
821 2709 924 2766 falsum
1099 2725 1147 2777 540

241 2810 271 2858 et
285 2799 354 2858 dare
368 2818 455 2875 posse
469 2800 596 2857 animam
611 2800 765 2875 glomerari
778 2800 809 2856 in
823 2816 946 2873 corpore
961 2815 1073 2869 eorum,

240 2890 350 2949 lumina
363 2890 413 2965 qui
427 2891 538 2948 lincunt
552 2890 719 2949 moribundi
733 2889 936 2965 particulatim,

242 2981 393 3039 mortalem
407 2990 505 3038 tamen
519 2998 582 3038 esse
596 2981 724 3039 animam
738 2981 846 3039 fateare
860 2996 991 3051 necesse,

241 3090 298 3129 nec
311 3071 399 3129 refert
412 3081 507 3129 utrum
522 3082 622 3146 pereat
636 3071 767 3144 dispersa
780 3089 834 3146 per
847 3088 931 3129 auras

241 3179 280 3219 an
294 3171 445 3219 contracta
458 3162 516 3219 suis
531 3180 547 3219 e
560 3162 689 3236 partibus
704 3162 900 3231 obbrutescat,
1101 3176 1147 3228 545

242 3250 362 3326 quando
377 3252 526 3309 hominem
538 3262 632 3309 totum
647 3252 739 3326 magis
753 3270 788 3308 ac
802 3251 894 3326 magis
905 3248 1036 3324 undique
1047 3266 1150 3305 sensus

242 3341 343 3400 deficit
356 3352 386 3400 et
399 3343 475 3400 vitae
489 3343 584 3400 minus
599 3352 628 3399 et
643 3342 738 3399 minus
752 3341 883 3416 undique
897 3350 994 3398 restat.

284 3434 323 3491 Et
336 3433 476 3507 quoniam
491 3450 574 3490 mens
589 3441 633 3490 est
647 3432 773 3489 hominis
787 3449 854 3503 pars
867 3449 935 3502 una,
950 3430 1018 3487 loco
1033 3445 1109 3503 quae

242 3524 301 3581 fixa
314 3532 412 3581 manet
426 3529 516 3594 certo,
531 3523 608 3581 velut
622 3540 707 3580 aures
721 3530 809 3595 atque
825 3521 902 3579 oculi
916 3528 983 3578 sunt
