2792 4025
245 279 287 359 98
588 291 819 345 LUCRETIUS
1074 291 1146 362 [111.

244 453 362 530 pondus
376 454 471 513 inesse
485 454 584 512 animo
598 453 679 530 quod
694 473 725 512 se
740 455 878 529 gravitate
892 455 1001 529 fatiget,

244 563 262 603 e
276 546 381 621 quibus
396 545 426 603 id
440 545 491 603 fiat
505 546 597 604 causis
612 563 731 620 quoque
745 563 866 603 noscere
881 555 911 603 et
925 545 1003 604 unde
1087 565 1148 619 ¹055

243 645 324 693 tanta
337 637 404 694 mali
419 646 567 710 tamquam
582 636 673 694 moles
687 636 717 693 in
731 645 851 711 pectore
866 646 990 707 constet,

244 725 314 784 haut
327 727 368 784 ita
380 726 469 784 vitam
483 736 610 801 agerent,
625 736 657 783 ut
671 744 751 783 nunc
765 726 937 801 plerumque
952 725 1090 786 videmus

243 815 316 891 quid
330 816 384 875 sibi
398 817 521 891 quisque
535 816 603 874 velit
616 817 729 874 nescire
743 826 773 874 et
787 834 926 891 quaerere
940 834 1058 892 semper

244 916 425 965 commutare
439 907 537 965 locum
553 908 636 982 quasi
649 925 725 964 onus
740 906 889 981 deponere
903 907 1005 982 possit.

243 997 303 1055 exit
316 1015 404 1072 saepe
419 998 494 1056 foras
509 997 621 1072 magnis
636 1015 673 1054 ex
686 996 809 1055 aedibus
823 996 879 1068 ille,
1087 1003 1150 1055 1060

243 1104 307 1145 esse
322 1087 404 1146 domi
418 1105 507 1162 quem
521 1096 722 1162 pertaesumst,
738 1086 894 1162 subitoque
908 1087 1033 1159 revertit,

243 1177 352 1252 quippe
367 1179 435 1236 foris
449 1179 509 1236 nilo
524 1179 626 1236 melius
639 1178 690 1253 qui
705 1177 810 1236 sentiat
824 1195 897 1235 esse.

243 1268 331 1326 currit
344 1285 433 1343 agens
448 1287 571 1326 mannos
585 1268 623 1326 ad
637 1267 732 1326 villam
747 1266 981 1343 praecipitanter,

242 1358 380 1417 auxilium
394 1360 478 1417 tectis
492 1360 575 1434 quasi
588 1359 661 1417 ferre
675 1357 844 1416 ardentibus
858 1357 988 1431 instans;

242 1449 346 1507 oscitat
360 1450 517 1525 extemplo,
532 1449 625 1524 tetigit
639 1468 708 1506 cum
722 1449 823 1506 limina
835 1449 927 1521 villae,
1085 1454 1147 1519 1065

241 1548 292 1596 aut
305 1538 365 1597 abit
378 1539 409 1596 in
422 1557 558 1598 somnum
572 1539 665 1614 gravis
679 1549 768 1615 atque
782 1539 890 1597 oblivia
904 1538 1024 1613 quaerit,

241 1630 393 1687 autetiam
407 1648 566 1705 properans
580 1631 682 1688 urbem
697 1632 771 1704 petit
785 1638 874 1704 atque
887 1630 993 1688 revisit.

241 1720 300 1777 hoc
315 1739 346 1778 se
360 1721 483 1795 quisque
498 1720 589 1779 modo
604 1721 676 1795 sugit
694 1720 739 1797 (at
753 1738 841 1795 quem
857 1720 976 1790 scilicet,
991 1728 1023 1777 ut
1036 1719 1078 1788 fit,

241 1810 368 1886 effugere
382 1811 452 1868 haut
466 1812 543 1885 potis
558 1821 609 1883 est,
627 1812 745 1887 ingratis
758 1810 873 1883 haeret)
893 1819 923 1869 et
936 1809 1000 1870 odit

240 1910 404 1976 propterea,
419 1901 514 1959 morbi
529 1902 597 1976 quia
611 1920 730 1970 causam
744 1919 806 1958 non
819 1911 900 1959 tenet
913 1918 1020 1975 aege13
1086 1921 1149 1967 1070

240 2009 330 2066 quam
344 1991 422 2051 bene
436 1992 460 2051 si
474 1991 580 2065 videat,
596 1992 654 2050 iam
669 1993 755 2051 rebus
770 1991 894 2067 quisque
908 1991 1015 2050 relictis

239 2092 372 2141 naturam
386 2083 513 2159 primum
528 2082 644 2141 studeat
659 2100 839 2157 cognoscere
853 2100 959 2154 rerum,

239 2174 379 2248 temporis
393 2174 503 2232 aeterni
518 2175 668 2248 quoniam,
683 2192 745 2231 non
759 2173 844 2231 unius
858 2172 958 2243 horae,

239 2264 394 2339 ambigitur
408 2273 507 2335 statuS,
523 2264 553 2321 in
568 2282 628 2339 quo
644 2264 681 2322 sit
695 2263 865 2321 mortalibus
883 2263 979 2321 omnis

238 2363 328 2426 aetas,
342 2364 410 2429 post
424 2364 548 2412 mortem
563 2371 638 2429 quae
653 2363 741 2411 restat
755 2371 884 2427 cumque
898 2351 1054 2411 manenda.
1086 2370 1146 2425 ¹⁰75

221 2448 242 2485 ss
280 2445 417 2520 Denique
432 2454 512 2502 tanto
527 2462 616 2520 opere
631 2445 661 2502 in
676 2443 772 2503 dubiis
786 2443 930 2518 trepidare
945 2444 1060 2518 periclis

239 2552 315 2609 quae
330 2536 406 2592 mala
419 2553 474 2593 nos
488 2535 594 2609 subigit
607 2535 677 2592 vitai
691 2544 772 2591 tanta
786 2533 918 2609 cupido?

239 2634 319 2683 certa
333 2624 453 2700 quidem
468 2626 533 2682 finis
546 2626 622 2683 vitae
635 2625 805 2683 mortalibus
819 2624 915 2681 adstat

238 2734 296 2773 nec
311 2715 431 2773 devitari
445 2715 535 2773 letum
548 2724 618 2790 pote
633 2716 705 2790 quin
719 2715 869 2773 obeamus.

239 2815 390 2881 praeterea
403 2824 550 2863 versamur
564 2804 675 2863 ibidem
689 2814 777 2880 atque
792 2806 923 2862 insumus
936 2822 1030 2879 usque
1085 2811 1148 2862 1080

239 2915 295 2954 nec
309 2915 387 2954 nova
400 2895 525 2954 vivendo
539 2895 711 2971 procuditur
722 2896 781 2953 ulla
794 2896 926 2969 voluptas
937 2917 946 2967 3

239 2985 293 3044 sed
307 2985 378 3043 dum
393 2987 476 3045 abest
490 2985 572 3060 quod
586 3004 715 3058 avernus,
731 2985 763 3043 id
778 3004 950 3061 exsuperare
966 2984 1081 3043 videtur

239 3085 356 3149 cetera3
377 3086 445 3151 post
459 3076 537 3148 aliut,
552 3080 621 3135 cum
635 3077 758 3152 contigit
771 3076 851 3147 illud,
867 3094 986 3134 avemus

239 3177 269 3225 et
284 3167 344 3225 sitis
359 3185 454 3242 aequa
467 3177 548 3225 tenet
560 3168 629 3225 vitai
643 3186 761 3243 semper
775 3166 890 3225 hiantis.

238 3267 415 3333 posteraque
430 3258 459 3314 in
473 3256 593 3316 dubiost
605 3259 751 3317 fortunam
765 3276 854 3332 quam
866 3256 955 3315 vehat
968 3265 1058 3328 aetas,
1083 3263 1145 3327 1085

238 3346 348 3423 quidve
362 3348 433 3406 ferat
446 3348 531 3405 nobis
546 3366 629 3406 casus
644 3350 730 3423 quive
745 3349 839 3406 exitus
853 3348 948 3405 instet.

239 3455 296 3495 nec
310 3456 443 3513 prorsum
458 3438 546 3495 vitam
561 3438 700 3496 ducendo
714 3438 860 3496 demimus
874 3438 966 3496 hilum

239 3535 372 3605 tempore
387 3529 425 3587 de
440 3530 539 3587 mortis
554 3547 609 3587 nec
624 3528 753 3588 delibare
766 3529 904 3600 valemus,
