2792 4025
282 271 321 333 18
615 246 847 338 nuenarius
1141 283 1181 355 [1.

277 463 371 522 usque
386 443 471 516 adeo,
485 444 579 503 variae
593 444 726 503 volucres
739 453 772 503 ut
785 445 816 502 iu
830 444 933 503 ordine
947 454 1071 504 cunctae

277 535 436 595 ostendant
449 536 576 593 maculas
590 536 733 620 generalis
747 553 870 611 corpore
885 536 989 607 inesse,
1135 553 1184 607 590

277 626 448 685 inmutabili'
463 627 600 684 materiae
612 608 735 700 quoque
749 643 856 701 corpus
870 625 977 683 habere

276 718 387 778 debent
400 718 546 777 nimimm.
568 735 638 775 nam
653 716 676 775 si
691 716 849 792 primordia
862 735 959 774 rerum

276 810 450 867 commutari
463 810 560 883 aliqua
573 807 686 883 possint
700 807 811 865 ratione
825 808 944 879 revicta,

63 912 69 923 ·
91 957 95 968 ,
175 900 183 919 l
204 894 208 906 '
223 856 420 993 'Nucertum
434 917 552 974 quoque
567 899 626 956 iam
639 892 842 982 constet(quid
855 897 949 972 possit
963 896 1040 968 oriri,
1073 970 1078 984 Ι
1161 971 1165 982 Ι

73 982 106 1013 “”
149 993 153 1002 ’
203 990 215 1009 “
234 988 348 1064 ’““ᾳυί(1
362 997 498 1064 nequeat,
512 988 593 1047 finita
608 996 739 1063 potestas
753 986 882 1062 denique
896 987 1003 1061 cuique
1068 989 1095 1031 'x'
1117 990 1120 1010 ¹
1137 1003 1184 1058 595

187 1086 190 1099 '
248 1011 272 1173 f
276 1098 403 1155 quanam
418 1080 453 1138 sit
466 1080 577 1139 ratione
592 1090 681 1154 atque
695 1078 753 1136 alte
767 1078 907 1137 terminus
921 1077 1053 1149 haerens,
1049 1103 1067 1179 )

275 1189 331 1228 nec
346 1172 452 1229 totiens
465 1172 579 1245 possint
592 1169 754 1247 generatim
768 1169 866 1228 saecla
879 1169 985 1227 referre

275 1270 408 1319 naturam
423 1280 519 1320 mores
532 1262 642 1319 vietum
655 1270 812 1336 motusque
827 1268 990 1337 parentum.

203 1384 213 1391 ·
275 1409 294 1438 Ι,
314 1353 392 1409 Tum
403 1369 490 1427 porro
501 1352 641 1426 quoniam
652 1361 696 1410 est
711 1361 874 1409 extremum
887 1349 1028 1426 quodque
1043 1366 1185 1408 cacumen

190 1443 210 1460 ““
257 1437 405 1577 (corporis
419 1442 492 1500 illius
507 1442 588 1517 quod
601 1442 693 1501 nostri
707 1459 827 1500 cernere
841 1458 943 1500 sensus
1136 1446 1186 1497 600

185 1525 199 1594 ’ξ
275 1532 334 1590 iam
347 1541 508 1607 nequeunt,
522 1532 553 1590 id
566 1533 703 1590 nimirum
718 1534 780 1591 sine
790 1531 920 1608 partibus
933 1541 1013 1591 extat

275 1632 306 1680 et
318 1622 441 1681 minima
455 1632 570 1679 constat
583 1632 685 1681 natura
698 1641 755 1681 nec
769 1624 823 1681 fuit
835 1640 977 1699 umquam

136 1728 143 1735 ·
181 1744 184 1747 -
275 1730 373 1788 perse
388 1722 532 1771 secretum
545 1730 643 1787 neque
657 1714 781 1788 posthac
796 1733 859 1773 esse
873 1713 990 1785 valebit,

135 1790 139 1829 ¹
167 1796 181 1825 ‘'
275 1803 391 1862 alterius
406 1803 574 1877 quoniamst
587 1804 683 1878 ipsum
697 1822 774 1878 pars,
788 1805 940 1880 primaque
955 1813 986 1862 et
999 1820 1059 1861 una

177 1914 181 1919 ·
275 1893 345 1952 inde
359 1894 431 1951 aliae
446 1902 533 1968 atque
548 1894 620 1951 aliae
632 1894 740 1952 similes
754 1913 792 1953 ex
805 1894 908 1953 ordine
921 1903 1019 1970 partes
1135 1897 1183 1964 605

276 1984 391 2060 agmine
407 1982 560 2044 condenso
574 1993 707 2043 naturam
722 1985 852 2061 eorporis
867 1986 994 2060 explent,

276 2094 352 2151 quae
366 2076 506 2152 quoniam
520 2093 573 2151 per
587 2094 618 2134 se
633 2086 785 2152 nequeunt
795 2087 939 2148 constare,
954 2085 1103 2135 necessest

275 2166 393 2225 haerere
407 2165 488 2225 unde
502 2176 611 2240 queant
624 2167 704 2225 nulla
717 2167 829 2226 ratione
843 2169 949 2228 revelli.

260 2251 343 2336 (sunt
356 2257 442 2333 igitur
455 2256 549 2316 solida
561 2257 722 2332 primordia
736 2259 945 2348 simplicitate)

275 2366 351 2425 quae
366 2348 492 2406 minimis
506 2349 611 2423 stipata
624 2348 784 2406 cohaerent
796 2350 926 2424 partibus
940 2358 1011 2422 arte,
1132 2355 1186 2405 610

275 2458 336 2497 non
350 2457 387 2496 ex
400 2439 512 2497 illarum
526 2449 674 2497 conventu
687 2440 852 2512 conciliata,

276 2529 329 2588 sed
343 2530 435 2605 magis
449 2539 568 2588 aeterna
580 2529 723 2604 pollentia
736 2531 930 2606 simplicitate,

275 2619 355 2678 unde
370 2637 467 2694 neque
482 2620 565 2678 avelli
579 2621 739 2694 quicquam
752 2639 850 2696 neque
865 2620 995 2681 deminui
1011 2621 1069 2702 iam

276 2709 415 2769 concedit
428 2720 531 2768 natura
544 2729 693 2769 reservans
709 2712 822 2770 semina
836 2712 930 2771 rebus.

164 2831 168 2840 ·
275 2811 426 2879 praeterea
439 2801 494 2859 nisi
508 2801 562 2860 erit
576 2801 740 2873 minimum,
755 2802 924 2878 paruissitna
937 2821 1072 2877 quaeque
1136 2810 1184 2876 615

275 2911 400 2967 corpora
413 2893 589 2950 constabunt
603 2910 641 2950 ex
653 2893 783 2967 partibus
798 2893 926 2964 infinitis,

276 2983 385 3059 quippe
400 2982 451 3040 ubi
465 2981 603 3041 dimidiae
617 2982 707 3058 partis
720 3000 788 3057 pars
801 3000 918 3057 semper
930 2983 1049 3043 habebit

276 3072 430 3130 dimidiam
443 3081 557 3148 partem
571 3090 627 3130 nec
642 3091 688 3130 res
703 3073 856 3147 praefiniet
870 3073 936 3131 ulla.
1130 3137 1149 3151 Ι,

276 3181 346 3238 ergo
359 3181 455 3221 rerum
470 3163 546 3221 inter
559 3181 705 3220 summam
718 3163 929 3238 minimamque
943 3163 1016 3238 quid
1030 3166 1124 3224 escit?
1147 3145 1239 3246 (ὕῖ
1259 3213 1263 3223 .
1299 3151 1315 3163 .,
1333 3198 1346 3225 -ι

275 3253 317 3311 nil
331 3253 384 3311 erit
397 3261 430 3310 ut
443 3252 531 3310 distet
542 3273 552 3325 ;
573 3271 642 3310 nam
656 3254 789 3328 quamvis
803 3253 932 3312 funditus
947 3255 1042 3313 omnis
1133 3263 1184 3314 620

277 3362 391 3402 summa
404 3344 440 3401 sit
454 3343 574 3415 infinita,
590 3353 700 3415 tamen,
715 3344 885 3418 parvissima
897 3363 973 3420 quae
988 3356 1064 3420 sunt,

277 3451 315 3492 ex
327 3434 445 3492 infinitis
460 3434 634 3492 constabunt
648 3435 777 3509 partibus
791 3453 896 3510 aeque.

277 3524 359 3601 quod
374 3524 513 3600 quoniam
526 3525 600 3582 ratio
613 3525 752 3585 reclamat
764 3544 834 3584 vera
846 3536 992 3603 negatque
