2792 4025
237 278 303 352 vt]
479 281 535 336 DE
559 282 708 336 RERUM
734 282 907 337 NATURA
1079 287 1144 353 209

277 439 324 497 Fit
337 456 455 515 quoque
470 448 503 499 ut
515 459 534 498 a
546 439 644 516 lapide
658 440 717 499 hoc
731 441 798 500 ferri
811 450 913 500 natura
926 442 1048 503 recedat

236 528 393 602 interdum,
408 531 507 607 lugere
521 541 609 606 atque
623 532 708 606 sequi
721 542 864 591 consueta
876 533 1011 593 vicissim.

236 621 364 679 exultare
379 621 466 678 etiam
481 622 680 680 Samothracia
694 623 786 681 ferrea
799 622 861 681 vidi

237 719 267 768 et
280 720 412 767 ramenta
424 711 509 769 simul
523 712 588 769 ferri
602 712 696 769 furere
711 713 788 770 intus
802 712 904 773 ahenis
1080 731 1141 785 ¹045

236 800 267 858 in
281 800 417 876 scaphiis,
431 800 503 875 lapis
517 801 565 858 hic
580 803 705 876 Magnes
720 820 788 859 cum
803 801 936 862 subditus
951 814 1046 863 esset:

235 908 329 965 usque
343 890 420 948 adeo
435 891 534 965 fugere
548 890 586 949 ab
600 908 670 949 saxo
684 892 790 966 gestire
804 893 926 953 videtur.

236 998 303 1038 aere
318 981 492 1056 interposito
506 979 655 1039 discordia
667 991 747 1040 tanta
762 992 876 1042 creatur

235 1080 391 1146 propterea
405 1072 474 1145 quia
486 1072 621 1130 nimirum
635 1072 714 1147 prius
728 1082 825 1130 aestus
838 1073 889 1133 ubi
903 1074 977 1133 aeris

235 1161 387 1239 praecepit
400 1162 525 1237 senique
539 1162 600 1219 vias
613 1161 746 1237 possedit
759 1172 883 1237 apertas,
1082 1184 1145 1237 1050

237 1252 381 1327 posterior
394 1251 499 1327 lapidis
512 1252 593 1310 venit
606 1262 704 1310 aestus
718 1262 748 1310 et
762 1254 862 1310 omnia
875 1254 962 1328 plena

235 1342 346 1400 invenit
360 1342 479 1400 inferro
493 1360 590 1416 neque
604 1341 693 1400 habet
707 1360 766 1417 qua
779 1352 873 1400 tranet
888 1352 920 1401 ut
935 1353 1014 1403 ante.

236 1433 350 1508 cogitur
363 1432 505 1491 offensare
519 1432 605 1506 igitur
618 1432 792 1507 pulsareque
806 1432 895 1491 fluctu

235 1521 328 1580 ferrea
341 1532 420 1580 texta
434 1540 507 1595 suo;
529 1541 588 1597 quo
602 1531 691 1597 pacto
705 1523 816 1598 respuit
830 1523 868 1582 ab
882 1542 914 1582 se

236 1623 323 1688 atque
337 1632 390 1689 per
403 1631 453 1671 aes
467 1613 564 1688 agitat,
579 1613 641 1670 sine
656 1630 693 1671 eo
709 1611 790 1688 quod
805 1631 893 1689 saepe
908 1613 1048 1673 resorbet.
1080 1632 1124 1684 105
1128 1632 1141 1685 5

235 1702 307 1763 illud
321 1704 351 1762 in
365 1704 410 1761 his
423 1703 509 1762 rebus
523 1703 618 1761 mirari
632 1703 726 1775 mitte,
741 1703 824 1777 quod
838 1714 934 1763 aestus

235 1812 297 1853 non
310 1795 386 1852 valet
400 1812 416 1852 e
431 1793 528 1869 lapide
543 1794 601 1851 hoc
615 1794 685 1851 alias
700 1794 849 1869 impellere
863 1794 934 1853 item
947 1812 1002 1853 res.

235 1883 369 1961 pondere
384 1884 463 1942 enim
476 1885 566 1942 fretae
581 1884 686 1960 partim
702 1893 797 1955 stant;
819 1883 901 1959 quod
914 1902 1007 1959 genus
1021 1902 1122 1943 aurum
1135 1903 1142 1952 3

236 1984 267 2035 et
279 1976 385 2052 partim
398 1993 463 2034 raro
478 1975 546 2050 quia
559 1983 626 2033 sunt
640 1993 709 2032 cum
723 1992 856 2050 corpore,
871 1983 903 2034 ut
916 1984 1012 2036 aestus

236 2066 368 2142 pervolet
380 2067 514 2135 intactus,
529 2074 679 2139 nequeunt
694 2066 826 2140 inpellier
839 2083 983 2140 usquam;
1080 2071 1143 2122 1060

236 2156 333 2232 lignea
346 2156 479 2214 materies
494 2155 524 2213 in
538 2173 598 2229 quo
611 2173 719 2229 genere
733 2172 798 2213 esse
811 2153 935 2215 videtur.

237 2246 434 2320 interutraque
447 2245 533 2320 igitur
546 2244 612 2302 ferri
626 2254 728 2302 natura
741 2245 837 2302 locata

159 2328 162 2334 ’
237 2336 311 2395 aeris
325 2336 375 2393 ubi
389 2336 504 2410 accepit
517 2333 662 2410 quaedam
677 2335 859 2410 corpuscula,
874 2344 937 2394 tum
950 2334 993 2408 fit,

237 2426 377 2503 inpellant
390 2435 423 2485 ut
436 2443 502 2484 eam
517 2426 670 2500 Magnesia
683 2424 802 2483 flumine
817 2443 895 2484 saxa.

279 2517 308 2575 N
311 2534 346 2574 ec
360 2525 459 2574 tamen
473 2515 547 2573 haec
562 2517 603 2574 ita
616 2525 683 2574 sunt
696 2515 817 2574 aliarum
831 2533 926 2573 rerum
941 2515 1044 2585 aliena,
1081 2520 1142 2586 1065
1175 2581 1177 2591 y

239 2615 271 2665 ut
285 2606 356 2665 mihi
370 2606 461 2664 multa
473 2623 576 2681 pamm
591 2623 699 2681 genere
714 2623 751 2664 ex
766 2606 823 2664 hoc
839 2604 1062 2681 suppeditentur

238 2714 313 2773 quae
328 2714 489 2754 memorare
504 2715 612 2771 queam
626 2697 701 2754 inter
714 2713 745 2754 se
760 2696 918 2770 singlariter
931 2705 1007 2772 apta.

238 2806 308 2846 saxa
320 2786 402 2846 vides
415 2787 541 2862 primum
555 2787 617 2844 sola
630 2786 778 2844 colescere
792 2786 883 2845 calce.

238 2878 347 2953 glutine
361 2877 496 2935 materies
509 2878 624 2936 taurino
638 2877 765 2952 iungitur
777 2893 847 2948 uno,

238 2975 271 3026 ut
284 2968 354 3026 vitio
368 2985 460 3026 venae
474 2967 635 3026 tabularum
650 2967 766 3041 saepius
781 2967 895 3025 hiscant
1075 2983 1143 3042 1070

239 3075 327 3133 quam
342 3059 438 3116 laxare
453 3067 562 3133 queant
575 3075 736 3133 compages
749 3066 850 3115 taurea
862 3056 967 3116 vincla.

239 3148 357 3223 vitigeni
371 3148 472 3206 latices
486 3148 572 3223 aqliai
587 3148 716 3206 lontibus
730 3145 841 3205 audent

239 3238 364 3310 misceri,
379 3256 447 3295 curn
461 3238 511 3312 pix
524 3247 652 3312 nequeat
665 3237 758 3312 gravis
773 3246 803 3295 et
816 3237 879 3294 leve
893 3236 1010 3295 olivom.

240 3344 462 3404 purpureusque
476 3329 558 3386 colos
571 3327 708 3403 conchyli
721 3327 847 3402 iungitur
860 3344 920 3383 uno

242 3436 366 3493 corpore
381 3436 449 3476 cum
464 3419 556 3489 lanae,
572 3417 668 3476 dirimi
681 3418 733 3492 qui
746 3435 808 3475 non
823 3426 911 3491 queat
925 3432 1057 3490 usquam,
1083 3432 1144 3487 ¹075

241 3527 304 3568 non
318 3509 341 3568 si
356 3509 487 3584 Neptuni
501 3509 590 3568 fluctu
604 3525 744 3568 renovare
759 3525 879 3584 operam
894 3505 956 3578 des,

667 3611 696 3657 14
