2792 4025
245 289 314 362 vt]
488 291 543 344 DE
570 291 716 345 RERUM
745 291 918 345 NATURA
1090 295 1151 359 213

245 453 394 529 multaque
408 463 558 529 praeterea
570 456 671 514 mortis
684 464 748 513 turn
762 456 844 531 signa
857 455 1011 530 dabantur,

245 544 412 621 perturbata
425 544 515 602 animi
529 563 614 604 mens
628 546 659 603 in
673 564 805 605 maerore
820 556 969 622 metuque,

245 635 325 693 triste
340 636 535 709 supercilium,
550 635 674 694 furiosus
687 637 782 695 voltus
797 646 827 694 et
840 655 917 709 acer,

246 725 386 782 sollicitae
401 742 488 799 porro
502 725 667 799 plenaeque
681 727 836 785 sonoribus
849 745 944 799 aures,
1090 734 1152 800 1185

245 815 349 872 creber
361 814 542 889 spiritusaut
555 815 657 890 ingens
670 834 794 892 raroque
809 826 937 889 coortus,

245 903 418 978 sudorisque
432 903 555 963 madens
570 922 623 979 per
636 906 744 963 collum
759 905 929 981 splendidus
943 924 1037 979 umor,

245 994 344 1052 tenvia
359 1003 444 1069 sputa
458 995 578 1066 minuta,
592 996 671 1053 croci
685 1004 823 1053 contacta
836 997 933 1054 colore

247 1085 392 1158 salsaque,
406 1102 460 1159 per
472 1084 570 1143 fauces
584 1103 685 1143 raucas
698 1086 747 1143 vix
761 1085 840 1143 edita
853 1086 933 1145 tussi.

247 1175 278 1232 in
293 1175 427 1232 manibus
440 1192 511 1233 vero
524 1175 604 1232 nervi
619 1175 732 1233 trahere
746 1185 776 1234 et
790 1185 913 1233 tremere
928 1184 1005 1235 artus
1088 1195 1153 1247 1190

245 1282 264 1322 a
277 1264 462 1340 pedibusque
476 1265 640 1323 minutatim
655 1264 814 1323 succedere
829 1265 916 1340 frigus

245 1373 307 1413 non
321 1354 482 1413 dubitabat.
497 1355 568 1413 item
581 1354 620 1412 ad
634 1372 804 1429 supremum
818 1354 947 1430 denique
960 1364 1077 1430 ternpus

245 1462 420 1520 conpressae
435 1462 528 1514 nares,
542 1445 606 1503 nasi
619 1445 753 1520 primoris
770 1462 896 1503 acumen

245 1545 341 1607 tenve,
356 1535 449 1593 cavati
462 1535 549 1606 oculi,
564 1553 636 1592 cava
649 1544 792 1610 tempora,
807 1534 910 1610 frigida
923 1534 1006 1611 pellis

246 1625 386 1700 duraque,
401 1626 496 1684 inore
510 1626 603 1683 trucei
616 1626 731 1699 rictum,
747 1626 825 1683 frons
840 1634 921 1683 tenta
934 1625 1074 1684 tumebat.
1088 1640 1151 1697 1¹95

244 1734 302 1774 nec
316 1716 408 1773 nimio
420 1715 505 1791 rigidi
518 1725 586 1791 post
600 1725 677 1774 artus
691 1725 786 1773 morte
801 1716 946 1776 iacebant.

245 1816 411 1881 octavoque
425 1806 485 1864 fere
499 1806 639 1864 candenti
653 1806 763 1864 lumine
777 1806 846 1865 solis

245 1906 296 1955 aut
309 1897 398 1955 etiam
411 1914 492 1955 nona
503 1895 668 1954 reddebant
681 1894 818 1971 lampade
831 1896 932 1955 vitam.

246 2005 372 2064 quorum
386 1986 475 2062 siquis
489 1986 547 2045 ibei
560 1986 663 2046 vitarat
676 1987 778 2046 funera
791 1986 852 2059 leti,

245 2078 391 2136 ulceribus
406 2077 502 2135 taetris
516 2087 547 2134 et
560 2078 641 2151 nigra
654 2077 785 2151 proluvie
800 2077 856 2136 alvi
1086 2095 1151 2134 1200

246 2168 391 2244 posterius
406 2176 505 2224 tamen
519 2165 599 2224 hunc
613 2167 696 2225 tabes
710 2167 859 2242 letumque
873 2166 1020 2239 manebat,

246 2268 297 2316 aut
312 2258 400 2315 etiam
414 2257 522 2314 multus
536 2257 639 2332 capitis
654 2275 724 2314 curn
739 2275 827 2332 saepe
842 2255 944 2314 dolore

246 2358 399 2423 corruptus
413 2346 529 2422 sanguis
542 2347 664 2421 expletis
678 2347 794 2405 naribus
808 2347 886 2405 ibat:

246 2438 305 2496 huc
319 2437 445 2496 hominis
459 2446 538 2495 totae
552 2438 627 2495 vires
641 2455 807 2512 corpusque
822 2436 939 2496 fluebat.

246 2528 420 2606 profluvium
434 2544 522 2603 porro
536 2527 586 2602 qni
600 2528 684 2584 taetri
700 2527 846 2602 sanguinis
860 2544 927 2584 acre
1091 2543 1153 2599 ηας

247 2618 365 2690 exierat,
379 2627 478 2676 tamen
492 2618 523 2675 in
537 2635 640 2675 nervos
655 2617 724 2675 huic
738 2617 857 2676 morbus
872 2625 901 2676 et
915 2623 998 2680 artuu'

246 2709 308 2768 ibat
321 2718 351 2767 et
365 2709 395 2766 in
408 2709 497 2784 partis
511 2707 643 2783 genitalis
658 2708 789 2782 corporis
804 2708 891 2783 ipsas.

247 2809 278 2858 et
291 2799 413 2875 graviter
426 2799 532 2874 partim
546 2807 711 2856 metuentes
726 2797 827 2855 limina
839 2797 889 2856 leti

227 2885 229 2889 ’
247 2889 384 2948 vivebant
397 2889 472 2948 ferro
486 2888 589 2964 privati
603 2898 685 2964 parte
698 2887 780 2959 virili,
821 2919 825 2930 ·

247 2990 278 3039 et
290 2981 425 3038 manibus
438 2980 501 3038 sine
515 2979 649 3038 nonnulli
662 2978 847 3054 pedibusque
861 2977 1020 3037 manebant
1091 2997 1155 3034 raro

247 3071 278 3130 ln
291 3071 350 3129 vita
363 3080 472 3142 tamen,
487 3079 517 3128 et
531 3068 697 3145 perdebant
710 3069 821 3128 lumina
834 3069 958 3144 partim:

247 3160 433 3236 usqueadeo
447 3161 548 3219 mortis
562 3170 657 3218 metus
671 3160 716 3218 his
731 3161 889 3218 incesserat
903 3176 980 3218 acer.

247 3261 336 3326 atque
350 3252 439 3308 etiam
453 3249 598 3325 quosdam
612 3268 719 3326 cepere
734 3250 842 3308 oblivia
855 3267 951 3307 rerum

247 3350 426 3412 cunctatam,
440 3358 537 3416 neque
551 3359 583 3399 se
597 3349 719 3416 possent
732 3357 913 3422 cognoscere
928 3348 961 3397 ut
974 3337 1038 3414 ipsi.

247 3434 396 3507 multaque
406 3431 487 3490 humi
495 3449 563 3489 cum
571 3431 722 3490 inhumata
728 3431 857 3489 iacerent
863 3447 986 3505 corpora
994 3445 1081 3504 supra
1091 3443 1153 3499 1215
