2792 4025
476 814 510 873 T.
533 812 725 875 LUORETI
752 812 858 874 CARI

361 1017 439 1093 DE
481 1014 689 1091 RERUM
729 1012 976 1089 NATURA

521 1228 636 1284 LIBER
662 1226 818 1283 PRIMUS.

624 1395 727 1431 ..4-

216 1528 389 1590 Aeneadum
402 1529 541 1605 genetrix,
556 1528 711 1587 homiuum
725 1526 885 1603 divomque
899 1526 1042 1603 voluptas,
1109 1478 1114 1510 ί

216 1623 292 1680 alma
304 1622 414 1692 Venus,
430 1621 503 1678 caeli
517 1621 616 1679 subter
629 1618 758 1678 labentia
770 1620 854 1695 signa

216 1730 292 1788 quae
306 1729 385 1769 mare
399 1711 576 1785 navigerum,
591 1727 666 1783 quae
682 1719 772 1767 terras
786 1708 977 1785 frugiferentis

217 1802 415 1871 concelebras
430 1817 483 1873 per
496 1808 525 1857 te
539 1799 679 1872 quoniam
693 1808 786 1873 genus
800 1817 888 1858 omne
902 1798 1083 1857 animantum

217 1890 381 1963 concipitur
394 1888 517 1960 visitque
532 1896 665 1944 exortum
679 1888 790 1944 lumina
802 1889 889 1947 solis:
1107 1905 1122 1959 5

218 1988 257 2049 te,
273 1978 338 2048 dea,
353 1985 382 2033 te
396 1976 508 2050 fugiunt
522 1976 611 2046 venti,
625 1984 654 2033 te
669 1976 769 2034 nubila
782 1977 856 2035 caeli

115 2109 116 2113 ,
219 2067 436 2138 adventumque
451 2073 543 2136 tuum,
558 2064 611 2122 tibi
626 2065 721 2122 suavis
735 2065 859 2123 daedala
871 2067 956 2126 tellus

220 2155 372 2216 summittit
386 2155 479 2228 flores,
494 2154 546 2213 tibi
559 2153 655 2212 rident
669 2171 799 2227 aequora
811 2155 895 2228 ponti

219 2247 424 2323 placatumque
438 2246 511 2304 nitet
525 2243 630 2303 diffuso
644 2243 754 2302 lumine
769 2244 893 2302 caelum.

121 2396 123 2400 .
219 2357 288 2396 nam
302 2337 387 2396 simul
400 2355 435 2394 ac
449 2336 563 2412 species
577 2335 749 2410 patefactast
762 2351 852 2391 verna
865 2333 924 2392 diei
1095 2356 1127 2392 ro

220 2437 250 2486 et
263 2437 388 2486 reserata
400 2428 478 2503 viget
493 2426 655 2502 genitabilis
670 2444 741 2483 aura
754 2423 861 2495 favoni,
896 2449 900 2455 v

219 2520 313 2578 a'e'riae
326 2519 452 2594 primum
466 2517 597 2576 volucres
611 2527 650 2588 te,
666 2515 743 2585 diva,
758 2524 901 2590 tuumque

219 2610 382 2686 significant
396 2609 499 2667 initum
512 2607 662 2682 perculsae
679 2605 770 2664 corda
783 2615 833 2663 tua
846 2606 883 2664 vi.

219 2699 289 2758 inde
303 2700 379 2757 ferae
393 2698 525 2774 pecudes
538 2697 697 2773 persultant
709 2697 816 2771 pabula
828 2697 905 2754 laeta

220 2800 250 2848 et
263 2789 380 2864 rapidos
394 2799 508 2848 tranant
521 2788 632 2846 amuis:
656 2788 695 2846 ita
710 2796 796 2861 capta
808 2787 909 2861 lepore
1096 2809 1106 2844 1
1110 2804 1124 2860 ς

219 2890 249 2938 te
264 2881 393 2954 sequitur
407 2879 514 2954 cupide
530 2897 589 2953 quo
604 2895 752 2954 quamque
768 2875 906 2935 inducere
920 2877 1025 2952 pergis.

220 2970 348 3043 denique
362 2988 415 3045 per
428 2971 518 3028 maria
531 2988 566 3027 ac
580 2969 686 3026 montis
701 2968 862 3043 fluviosque
876 2967 988 3042 rapacis

220 3060 449 3135 frondiferasque
463 3061 568 3119 domos
583 3061 679 3118 avium
694 3077 875 3134 camposque
889 3059 1006 3116 virentis

221 3151 356 3210 omnibus
371 3151 514 3210 incutiens
528 3150 668 3210 blandum
682 3168 736 3225 per
749 3160 871 3225 pectora
884 3167 1015 3207 amorem

221 3241 311 3299 efficis
325 3251 358 3300 ut
372 3241 479 3316 cupide
494 3242 653 3316 generatim
668 3241 764 3299 saecla
777 3249 950 3315 propagent.
1095 3260 1127 3297 20

222 3349 298 3406 quae
313 3333 453 3406 quoniam
466 3350 561 3390 rerum
575 3341 710 3389 naturam
723 3331 786 3388 sola
799 3331 943 3405 gubernas

160 3441 162 3446 ·
221 3440 278 3480 nec
292 3422 353 3481 sine
368 3432 397 3480 te
412 3422 569 3497 quicquam
584 3422 646 3481 dias
660 3423 691 3479 iu
704 3421 820 3478 luminis
835 3438 900 3479 oras

222 3513 349 3572 exoritur
362 3531 458 3588 neque
473 3513 507 3570 fit
520 3513 626 3571 laetum
642 3530 740 3588 neque
755 3511 878 3569 amabile
893 3509 1060 3585 quicquam,

667 3621 677 3657 1
