2792 4025
231 242 305 314 ur]
472 241 527 294 ns
553 240 700 295 neuun
728 241 900 294 unruna
1092 239 1135 309 79

230 405 364 481 adposita
376 394 622 474 altemis‘variare‚
637 421 673 462 ac
686 411 805 462 nectere
819 403 960 462 membra.

229 515 299 554 nam
313 513 381 552 cum
395 495 486 553 multo
501 503 568 552 sunt
581 495 696 552 animae
711 493 858 552 elementa
870 494 985 552 minora

230 604 319 660 quarn
333 585 438 659 quibus
452 603 468 642 e
484 603 589 659 corpus
604 585 689 642 nobis
704 594 734 642 et
747 584 859 641 viscera
872 592 1016 655 constant,
1085 601 1132 653 375

230 685 293 733 turn
307 693 429 734 numero
445 693 563 749 quoque
578 673 750 732 concedunt
763 684 793 731 et
806 693 869 732 rara
882 692 935 750 per
949 684 1027 732 artus

231 766 331 824 dissita
344 775 411 823 sunt
425 765 593 837 dumtaxat3
610 775 641 822 ut
656 763 714 822 hoc
727 765 897 839 promittere
910 766 1014 842 possis,

231 856 369 931 quantula
382 856 476 931 prima
490 865 600 929 queant
615 855 700 914 nobis
714 856 822 914 iniecta
835 857 913 914 ciere

231 965 356 1022 corpora
370 946 524 1004 sensiferos
539 956 635 1004 motus
650 946 680 1002 in
694 964 828 1020 corpore,
843 955 924 1004 tanta

231 1038 379 1096 intervalla
391 1046 491 1094 tenere
506 1036 627 1094 exordia
641 1036 735 1110 prima
747 1037 863 1094 animai.
1087 1041 1136 1105 380

231 1147 300 1187 nam
314 1145 411 1202 neque
426 1127 551 1202 pulveris
566 1125 712 1184 interdum
726 1127 867 1184 sentimus
881 1125 1042 1202 adbaffium

231 1236 355 1293 corpore
369 1237 426 1276 nec
441 1219 578 1276 membris
592 1218 740 1274 incussam
755 1217 850 1275 sidere
864 1225 983 1287 cretam,

231 1329 289 1368 nee
303 1310 440 1368 nebulam
454 1319 543 1368 noctu
558 1327 654 1383 neque
669 1309 767 1366 aranei
781 1308 879 1366 tenvia
891 1308 941 1366 fila

232 1401 319 1459 obvia
332 1402 479 1473 sentimus,
495 1399 614 1475 quando
629 1400 790 1468 obretimur
804 1406 918 1469 euntes,
984 1433 1013 1466 χ,
1038 1447 1043 1461 1
1058 1448 1061 1455 .
1079 1461 1083 1472 ‚

233 1510 289 1549 nec
303 1509 408 1566 supera
421 1501 509 1567 caput
523 1489 655 1548 eiusdem
670 1489 812 1548 cecidisse
826 1489 934 1546 vietam
1089 1494 1136 1557 385

231 1592 342 1648 uestem
358 1600 414 1639 nec
428 1583 541 1657 plumas
556 1581 653 1638 avium
668 1597 841 1655 papposque
855 1579 980 1638 volantis

233 1673 283 1748 qui
296 1673 386 1730 nimia
399 1672 514 1729 levitate
529 1671 640 1729 eadunt
653 1671 825 1746 plerumque
839 1671 988 1744 gravatim,

224 1782 289 1844 *nec
303 1763 430 1838 repentis
445 1763 517 1820 itum
533 1762 786 1835 cuiusviscumque
800 1761 955 1818 animantis

233 1855 373 1912 sentimus
387 1871 443 1911 nec
458 1853 539 1928 priva
552 1851 663 1927 pedum
677 1851 798 1926 vestigia
812 1869 956 1925 quaeque,

233 1963 355 2020 corpore
370 1962 446 2019 quae
462 1944 491 2001 in
506 1953 605 2000 nostro
620 1942 729 2000 culices
744 1951 774 1999 et
787 1951 885 2000 cetera
899 1950 1023 2017 ponunt.
1091 1959 1140 2011 390

233 2054 325 2111 usque
341 2035 417 2094 adeo
431 2036 510 2111 prius
526 2044 569 2093 est
584 2036 614 2091 in
628 2034 713 2091 nobis
727 2033 818 2090 muita
831 2033 970 2091 ciendum

234 2145 323 2202 quam
338 2126 497 2202 primordia
510 2126 669 2183 sentiscant
682 2142 828 2181 concussa
841 2123 949 2181 animai

233 2218 346 2276 semina
358 2217 528 2292 corporibus
542 2216 647 2273 nostris
661 2214 783 2271 inmixta
795 2230 849 2288 per
862 2224 951 2285 artus,

233 2318 264 2366 et
277 2327 366 2383 quam
380 2308 409 2365 in
424 2307 467 2364 his
482 2306 637 2364 intervallis
652 2303 808 2362 tuditantia
821 2304 934 2378 possint

234 2416 409 2457 concursare
422 2399 501 2456 coire
516 2406 546 2455 et
560 2396 710 2453 dissultare
723 2394 861 2453 vicissim.
1092 2409 1140 2464 395

275 2491 315 2547 Et
328 2489 419 2563 magis
433 2498 477 2545 est
491 2488 605 2545 animus
619 2486 687 2544 vitai
703 2486 827 2543 claustra
840 2502 982 2543 coercens

235 2589 265 2638 et
278 2578 476 2637 dominantior
489 2577 528 2636 ad
541 2579 630 2635 vitam
645 2595 735 2651 quam
748 2577 791 2633 vis
804 2575 921 2633 animai.

234 2688 304 2727 narn
318 2670 380 2727 sine
395 2680 493 2727 mente
508 2669 666 2742 animoque
681 2667 784 2742 nequit
798 2664 924 2724 residere
939 2682 992 2739 per
1005 2673 1083 2723 artus

235 2759 374 2835 temporis
389 2761 520 2835 exiguam
535 2769 649 2835 partem
664 2776 731 2832 pars
745 2757 803 2813 ulla
816 2755 932 2826 animai,

235 2850 289 2909 sed
302 2867 404 2918 ¹comes
417 2851 576 2924 insequitur
590 2848 673 2905 facile
690 2858 720 2905 et
734 2846 859 2905 discedit
873 2846 903 2904 in
917 2864 1001 2904 auras
1092 2864 1143 2912 400

235 2951 266 3000 et
278 2940 392 3017 gelidos
406 2951 483 2999 artus
497 2942 527 2997 in
541 2939 591 2997 leti
607 2940 711 3013 frigore
725 2938 838 3012 linquit.

235 3042 266 3090 at
280 3041 380 3090 manet
394 3032 424 3089 in
437 3032 496 3088 vita
509 3031 556 3088 cui
571 3048 656 3087 mens
671 3030 843 3102 animusque
857 3026 1004 3085 remansit

236 3123 369 3197 quamvis
384 3132 428 3180 est
442 3121 551 3178 circum
566 3120 659 3177 caesis
673 3119 752 3177 lacer
765 3117 896 3192 undique
910 3116 1050 3174 membris

237 3223 365 3283 truncus
380 3210 519 3286 adempta
531 3211 629 3269 anima
643 3211 755 3267 circum
770 3208 967 3282 membrisque
981 3214 1095 3264 remota

236 3305 307 3362 vivit
321 3314 351 3361 et
364 3302 506 3360 aetherias
519 3301 611 3359 vitalis
626 3300 747 3374 suscipit
761 3317 855 3357 auras.
1095 3313 1142 3365 405

238 3395 262 3453 si
276 3412 338 3453 non
352 3391 540 3463 omnimodis,
555 3401 584 3449 at
598 3409 707 3466 magna
720 3399 802 3465 parte
817 3387 925 3447 animai

238 3486 375 3563 privatus,
390 3494 489 3542 tamen
503 3483 534 3541 in
546 3483 605 3540 vita
619 3492 775 3540 cunctatur
787 3490 818 3539 et
832 3479 951 3552 haeret;
