2792 4025
278 289 339 352 116
613 301 846 356 nuenarius
1111 301 1179 372 [tv.

272 465 360 540 plane
375 462 504 522 exaudiri
519 462 704 536 discernique
718 461 912 534 articulatim;
1132 480 1180 534 555

273 566 367 615 servat
380 557 459 615 enirn
473 557 659 615 formaturam
674 566 825 629 servatque
839 553 971 629 figuram.

272 656 302 705 at
316 648 340 706 si
355 648 557 722 interpositum
571 646 697 720 spatium
711 645 747 702 sit
760 645 875 719 longius
888 661 996 718 aequ0,

272 737 340 795 aira
353 755 406 812 per
420 737 543 795 multum
558 735 700 794 confundi
714 736 803 793 verba
816 744 967 793 necessest

273 835 302 884 et
316 827 480 884 conturbari
494 845 609 898 vocem,
625 825 696 884 durn
710 825 866 883 transvolat
880 843 972 882 auras.

272 933 342 992 ergo
356 917 397 986 fit,
412 917 539 975 sonitum
554 926 586 973 ut
600 916 693 990 possis
707 915 814 973 sentire
828 933 927 989 neque
941 915 1018 973 illam

271 1007 477 1078 internoscere,
492 1007 646 1064 verbomm
660 1006 805 1063 sententia
819 1023 896 1079 quae
910 1005 966 1063 sit:

270 1115 363 1173 usque
379 1097 455 1155 adeo
469 1097 592 1155 confusa
605 1096 684 1154 venit
697 1113 755 1154 vox
769 1095 859 1169 inque
873 1094 983 1170 pedita.

270 1197 421 1263 praeterea
434 1188 555 1245 verbum
570 1203 658 1261 saepe
673 1204 764 1243 unum
778 1185 891 1261 perciet
904 1186 980 1244 auris

270 1279 406 1336 omnibus
421 1278 450 1336 in
465 1277 586 1352 populo,
600 1277 722 1334 missum
736 1276 890 1350 praeconis
904 1277 943 1335 ab
957 1294 1017 1336 ore.

270 1367 301 1426 in
315 1369 419 1426 multas
432 1368 518 1444 igitur
531 1385 621 1425 voces
634 1384 692 1423 vox
706 1384 765 1424 una
778 1376 900 1441 repente

270 1458 392 1534 diffugit,
407 1459 437 1516 in
451 1459 544 1532 privas
558 1457 697 1533 quoniam
712 1475 744 1514 se
759 1455 863 1514 dividit
877 1457 953 1515 auris

270 1549 425 1624 obsignans
440 1549 563 1606 formam
577 1547 657 1605 verbi
672 1546 840 1621 clarumque
855 1564 1001 1606 sonorem.

269 1648 388 1713 atquae
402 1657 468 1714 pars
482 1657 590 1697 vocum
604 1655 665 1696 non
679 1637 756 1695 auris
770 1637 873 1695 incidit
886 1638 973 1712 ipsas,

269 1730 441 1805 praeterlata
455 1731 529 1804 perit
544 1730 647 1787 frustra
661 1728 766 1787 diffusa
779 1745 833 1804 per
846 1746 938 1786 auras.
967 1774 970 1778 .

268 1837 335 1895 pars
350 1819 448 1878 solidis
463 1819 554 1877 adlisa
567 1819 639 1877 locis
653 1819 762 1876 reiecta
775 1836 914 1877 sonorem

268 1909 365 1968 reddit
379 1919 409 1968 et
422 1910 569 1968 interdum
584 1911 736 1967 frustratur
749 1909 876 1984 imagine
889 1908 978 1966 verbi.

268 2020 344 2077 quae
358 2001 434 2060 bene
449 2020 517 2059 eum
531 1999 640 2071 videas,
654 2000 800 2058 rationem
813 1998 938 2058 reddere
952 1997 1046 2075 possis

267 2101 330 2150 tute
344 2092 396 2150 tibi
410 2101 497 2166 atque
511 2092 582 2162 aliis,
597 2109 656 2165 quo
670 2100 759 2166 pacto
772 2109 826 2167 per
837 2092 905 2149 loca
917 2091 979 2148 sola

268 2201 337 2241 saxa
351 2183 426 2256 paris
441 2183 546 2241 formas
560 2182 716 2240 verborum
730 2200 768 2240 ex
781 2181 884 2239 ordine
899 2179 1032 2253 reddant,

243 2350 245 2353 Ι
266 2273 390 2348 palantis
405 2273 527 2332 comites
542 2290 633 2347 quom
648 2273 757 2331 montis
772 2272 847 2330 inter
861 2290 972 2346 opacos

268 2364 432 2438 quaerimus
447 2372 477 2420 et
491 2381 597 2437 magna
612 2362 761 2437 dispersos
775 2380 849 2420 voce
864 2363 984 2420 ciemus.

173 2486 175 2489 ·
268 2472 320 2512 sex
335 2454 422 2511 etiarn
436 2464 487 2511 aut
501 2462 614 2527 septem
629 2453 695 2511 loca
709 2452 770 2511 vidi
784 2452 910 2511 reddere
923 2453 1014 2525 vocis,

266 2562 356 2601 unam
371 2562 439 2601 curn
454 2544 581 2601 iaceres:
605 2544 645 2600 ita
659 2544 750 2601 colles
764 2543 887 2601 collibus
901 2543 956 2618 ipsi

266 2635 355 2692 verba
367 2634 547 2709 repulsantes
561 2634 704 2692 iterabant
718 2634 808 2692 docta
820 2634 927 2691 referri.

267 2724 342 2782 haec
355 2724 421 2782 loca
435 2724 606 2799 capripedes
621 2736 732 2800 satyros
747 2724 950 2799 nymphasque
964 2732 1064 2781 tenere

267 2814 381 2873 finitimi
397 2814 511 2888 fingunt
525 2824 555 2872 et
570 2815 673 2872 faunos
688 2832 752 2871 esse
767 2815 903 2872 locuntur

267 2922 392 2979 quorum
407 2904 561 2979 noctivago
578 2905 699 2979 strepitu
714 2904 843 2979 ludoque
859 2903 968 2962 iocanti

267 2994 423 3053 adfirmant
437 2994 523 3069 volgo
538 2996 680 3052 taciturna
693 2995 807 3052 silentia
820 2995 916 3070 rumpi

267 3084 502 3159 chordarumque
517 3104 606 3144 sonos
620 3086 682 3143 fieri
697 3084 850 3159 dulcisque
864 3084 1014 3160 querellas

266 3176 337 3235 tibia
350 3193 423 3250 quas
438 3176 532 3233 fundit
547 3175 643 3251 digitis
657 3176 771 3251 pulsata
785 3186 951 3248 canentum,

266 3277 297 3325 et
311 3285 402 3342 genus
417 3266 575 3341 agricolum
590 3266 646 3323 late
663 3267 830 3337 sentiscere,
846 3285 937 3342 quom
952 3268 1014 3325 Pan

227 3390 229 3393 ·
267 3358 355 3432 pinea
369 3357 494 3415 semiferi
508 3358 611 3432 capitis
625 3357 771 3414 velamina
785 3374 926 3431 quassans

267 3466 345 3506 unco
360 3465 448 3521 saepe
462 3447 542 3505 labro
557 3447 684 3504 calamos
698 3448 838 3522 percurrit
852 3447 966 3519 hiantis,

267 3538 362 3597 fistula
376 3537 535 3596 silvestrem
549 3555 587 3594 ne
602 3546 697 3595 cesset
712 3536 833 3595 fundere
848 3556 971 3596 mnsam.
