2792 4025
528 791 564 852 u.
586 790 778 880 noenum
805 789 910 852 cam

413 995 491 1070 DE
532 993 741 1069 RERUM
780 991 1028 1068 NATURA

531 1209 653 1263 LIBER
678 1208 909 1263 SECUNDUS.

675 1376 778 1409 ..q-.-

265 1509 366 1584 Suave,
381 1509 453 1568 mari
467 1527 574 1585 magno
588 1508 770 1567 turbantibus
784 1525 914 1582 aequora
926 1507 1029 1580 ventis,

264 1619 281 1660 e
295 1611 370 1660 terra
383 1618 522 1676 magnum
536 1600 651 1658 alterius
665 1610 797 1675 spectare
810 1600 941 1658 laborem
952 1619 960 1671 ς

263 1710 325 1750 non
340 1692 409 1766 quia
421 1691 519 1749 vexari
533 1699 739 1765 quemquamst
752 1688 881 1768 iucunda
893 1689 1036 1764 voluptas,

263 1781 317 1840 sed
331 1783 436 1857 quibus
449 1782 512 1856 ipse
526 1781 607 1838 malis
621 1798 720 1838 careas
734 1780 802 1854 quia
815 1798 934 1839 cernere
948 1798 1036 1838 suave
1051 1790 1104 1838 est„

263 1891 351 1930 suave
366 1872 453 1930 etiam
468 1871 535 1929 belli
549 1871 708 1930 certamina
721 1888 828 1946 magna
841 1871 916 1929 tueri
1155 1888 1169 1942 5

262 1981 316 2039 per
326 1981 448 2038 campos
462 1963 601 2021 instructa
615 1971 664 2020 tua
677 1961 740 2020 sine
754 1971 836 2037 parte
850 1961 960 2038 pericli.

262 2053 316 2113 sed
329 2054 369 2111 nil
385 2053 499 2111 dulcius
513 2062 567 2124 est,
579 2054 654 2111 bene
669 2071 759 2128 quam
773 2053 885 2110 munita
899 2062 999 2111 tenere

262 2144 342 2202 edita
355 2144 489 2203 doctrina
502 2144 666 2219 sapientum
681 2142 792 2217 templa
805 2160 917 2214 serena,

262 2234 413 2310 despicere
427 2234 507 2292 unde
521 2252 612 2309 queas
623 2234 694 2292 alios
709 2234 876 2309 passimque
890 2231 989 2291 videre

261 2343 355 2383 errare
370 2334 457 2399 atque
471 2326 548 2382 viam
561 2324 684 2399 palantis
699 2341 839 2398 quaerere
852 2321 938 2396 vitae,
1140 2344 1170 2380 ιο

261 2425 371 2473 certare
386 2416 513 2490 ingenio,
529 2412 708 2472 contendere
722 2413 880 2485 nobilitate,

261 2516 364 2564 noctes
379 2516 467 2581 atque
482 2504 545 2562 dies
559 2505 612 2562 niti
625 2514 790 2580 praestante
804 2504 903 2563 labore

260 2595 300 2653 ad
314 2615 442 2654 summas
456 2613 604 2670 emergere
619 2612 692 2670 opes
706 2612 861 2668 rerumque
877 2594 973 2669 potiri,

261 2704 280 2745 o
295 2686 414 2745 miseras
429 2685 582 2744 hominum
596 2695 720 2756 mentes
735 2704 754 2743 0
768 2694 890 2760 pectora
903 2688 1012 2743 caeca!

260 2778 393 2851 qualibus
407 2778 438 2835 in
452 2776 578 2835 tenebris
592 2777 668 2833 vitae
683 2776 858 2850 quantisque
873 2775 987 2851 periclis
1138 2793 1166 2846 ις

57 2880 64 2905 ’
131 2888 173 2934 Α
260 2866 375 2942 degitur
389 2868 447 2925 hoc
462 2867 526 2924 aevi
540 2865 797 2941 quodcumquest!
818 2884 918 2924 nonne
934 2865 1033 2923 videre

72 3004 128 3045 ,μ
151 2986 204 3039 i‘
259 2958 300 3014 nil
313 2956 391 3015 aliud
405 2957 460 3016 sibi
474 2966 606 3015 naturam
616 2956 731 3034 datram,
745 2956 802 3014 nisi
815 2938 910 3059 uffiui)
980 2945 1016 3006 42
1102 2963 1106 2971 “
1172 2958 1211 2979 ·’

242 3056 382 3125 §corpore
397 3043 546 3105 seiunctus
562 3034 646 3105 dolor
660 3046 745 3116 absit,
760 3055 858 3104 mente
873 3046 982 3103 fruatur
1070 3090 1074 3100 .

80 3170 82 3177 ⁴
112 3175 115 3185 ·
165 3122 179 3145 '³
213 3127 228 3153 ’λ
259 3136 388 3197 iucundo
403 3156 490 3196 sensu
505 3156 575 3195 cura
588 3146 702 3195 semota
716 3136 877 3211 metuque?

95 3303 101 3313 ·
180 3260 187 3274 .‚
230 3226 240 3242 ''
260 3246 328 3304 ergo
343 3246 516 3303 corpoream
532 3226 571 3286 ad
587 3237 719 3285 naturam
733 3244 831 3303 pauca
842 3223 977 3284 videmus
1137 3245 1169 3281 20

259 3337 323 3377 esse
338 3337 412 3394 opus
427 3318 558 3390 omnino,
574 3336 649 3391 quae
664 3317 786 3375 demant
798 3333 926 3391 cumque
941 3313 1085 3375 dolorem.

259 3408 377 3467 delicias
392 3426 510 3484 quoque
524 3408 567 3465 uti
580 3408 684 3465 multas
698 3408 881 3466 substernere
895 3407 1008 3482 possint

226 3538 229 3544 f
259 3500 365 3576 gratius
380 3498 536 3571 interdum,
551 3516 649 3573 neque
664 3508 767 3557 natura
780 3499 843 3574 ipsa
856 3497 985 3573 requirit,
