2792 4025
276 241 316 320 78
612 252 842 306 nuenarius
1106 254 1179 324 [111.

275 432 331 472 nec
346 413 450 472 crescit
462 430 560 488 neque
574 423 643 489 post
654 422 779 470 mortem
794 412 898 471 durare
912 414 1034 472 videtur.

275 524 337 562 non
351 505 439 575 enim,
454 515 487 562 ut
500 521 585 561 umor
598 522 691 578 aquae
707 503 825 561 dimittit
839 521 928 578 saepe
941 523 1080 579 vaporem

276 596 326 670 qui
340 595 425 653 datus
440 604 492 665 est,
507 612 604 668 neque
620 612 655 650 ea
668 613 757 650 causa
771 594 942 652 convellitur
955 596 1027 669 ipse,
1130 616 1180 670 340

276 684 329 742 sed
343 695 442 743 manet
456 684 619 754 incolumis,
633 701 704 755 non,
719 684 849 758 inquam,
864 686 906 742 sic
919 686 1026 744 animai

277 775 432 834 discidium
446 784 568 851 possunt
581 783 658 832 artus
672 775 799 849 perferre
813 776 913 848 relicti,

276 853 330 923 sed
344 867 459 941 penitus
473 875 596 940 pereunt
610 865 742 923 convulsi
756 883 873 940 conque
887 876 1067 941 putrescunt.

277 975 314 1014 ex
328 957 445 1014 ineunte
460 975 532 1014 aevo
547 957 589 1014 sic
603 956 732 1029 corporis
747 966 835 1030 atque
849 957 957 1015 animai

276 1058 378 1105 mutua
390 1047 481 1105 vitalis
496 1047 613 1104 discunt
629 1045 763 1121 cantagia
776 1056 873 1105 motus
1132 1064 1181 1118 345

276 1138 413 1196 maternis
428 1138 515 1196 etiam
529 1137 666 1196 membris
680 1138 805 1212 alvoque
819 1146 945 1211 reposta,

277 1228 433 1287 discidium
446 1238 479 1286 ut
491 1239 619 1303 nequeat
633 1229 695 1286 fieri
709 1229 772 1286 sine
785 1237 868 1303 peste
883 1229 1020 1301 maloque
1032 1248 1041 1302 ;

275 1329 309 1378 ut
321 1318 430 1391 videas,
445 1320 584 1394 quoniam
599 1319 783 1377 coniunctast
797 1337 885 1376 causa
899 1319 1006 1390 salutis,

276 1410 462 1469 coniunctam
478 1427 597 1484 quoque
611 1419 744 1468 naturam
758 1410 917 1467 consistere
932 1427 1045 1467 eorum.

317 1500 408 1574 Quod
423 1510 561 1575 superest,
577 1501 665 1577 siquis
680 1519 787 1575 eorpus
801 1501 906 1558 sentire
920 1500 1026 1557 refutat
1129 1517 1179 1570 350

276 1600 364 1665 atque
379 1591 507 1649 animam
522 1590 616 1649 credit
630 1592 803 1665 permixtam
819 1609 942 1666 corpore
958 1600 1021 1648 toto

276 1683 423 1757 suscipere
438 1681 516 1738 hunc
530 1691 644 1739 motum
658 1700 747 1757 quem
762 1700 879 1740 sensum
893 1681 1111 1750 nominitamus,

275 1772 322 1830 vel
333 1773 501 1830 manifestas
515 1790 560 1830 res
575 1782 676 1830 contra
689 1790 831 1847 verasque
846 1781 998 1847 repugnat.

276 1862 348 1936 quid
363 1863 398 1920 sit
413 1863 491 1920 enim
505 1880 611 1936 corpus
625 1863 731 1920 sentire
746 1864 810 1937 quis
824 1863 936 1920 adseret
950 1880 1101 1937 umquam,

275 1954 300 2012 si
313 1972 373 2011 non
388 1954 451 2029 ipsa
465 1954 561 2029 palam
576 1953 717 2029 quod-res
732 1953 864 2012 deditae
879 1953 981 2012 docuit
996 1972 1049 2012 nos
1064 1955 1079 2012 Ρ
1131 1971 1179 2026 355

275 2054 304 2103 at
319 2044 436 2103 dimissa
450 2045 548 2102 anima
561 2063 667 2119 corpus
682 2055 761 2102 caret
774 2044 906 2119 undique
921 2064 1007 2103 sensu
1018 2066 1028 2118 3

274 2135 371 2210 perdit
385 2135 462 2193 enim
478 2135 560 2210 quod
574 2154 634 2193 non
649 2136 799 2210 proprium
813 2137 867 2192 fuit
881 2137 943 2193 eius
957 2136 987 2193 in
1001 2153 1075 2193 aevo
1088 2155 1098 2209 ;

96 2255 99 2265 Δ
140 2242 170 2294 ,;
210 2212 214 2281 J
255 2216 423 2300 (multaque
438 2235 588 2300 praeterea
602 2225 698 2300 perdit
712 2244 801 2300 quam
816 2226 968 2300 expellitur
982 2231 1076 2304 ante.)

296 2317 422 2375 ‚Dicere
436 2334 524 2391 porro
538 2317 640 2374 oculos
654 2317 763 2373 nullam
777 2335 839 2374 rem
854 2335 973 2374 cernere
988 2305 1084 2390 posse,

274 2406 327 2465 sed
342 2425 395 2481 per
409 2425 460 2465 eos
474 2407 604 2464 animum
619 2417 651 2464 ut
665 2407 773 2465 foribus
788 2416 920 2482 spectare
934 2407 1061 2478 reclusis,
1130 2412 1180 2477 360

275 2496 428 2567 difficilest,
444 2507 546 2556 contra
560 2516 629 2553 cum
644 2516 746 2555 sensus
760 2497 840 2555 dicat
855 2516 975 2555 eorum:

274 2606 375 2645 sensus
390 2587 469 2645 enim
483 2588 568 2645 trahit
583 2597 671 2662 atque
686 2588 764 2645 acies
779 2587 908 2645 detrudit
922 2587 960 2645 ad
974 2588 1070 2663 ipsas,

273 2677 383 2753 fulgida
396 2678 565 2752 praesertim
581 2698 649 2735 curn
664 2697 784 2735 cernere
800 2696 888 2753 saepe
903 2680 1068 2753 nequimus,

273 2768 384 2826 lumina
397 2768 553 2825 luminibus
568 2769 637 2843 quia
651 2769 736 2827 nobis
750 2769 988 2844 praepediuntur.

274 2857 356 2933 quod
367 2859 475 2917 foribus
485 2878 546 2917 nou
557 2860 589 2916 fit
600 2880 609 2932 ;
620 2878 717 2934 neque
727 2860 815 2930 enim,
825 2860 894 2934 quia
902 2860 1047 2917 cernimus
1057 2859 1121 2935 ipsi,
1130 2865 1178 2929 365

274 2949 348 3007 ostia
362 2950 523 3024 suscipiunt
537 2950 626 3007 ullum
641 2950 754 3008 reclusa
767 2950 906 3009 laborem.

273 3050 423 3117 praeterea
437 3042 461 3100 si
475 3061 528 3117 pro
543 3043 650 3101 foribus
665 3052 733 3100 sunt
746 3042 856 3100 lumina
869 3052 977 3114 nostra,

273 3132 331 3189 iarn
346 3133 438 3207 magis
453 3133 595 3207 exemptis
609 3133 702 3190 oculis
718 3132 827 3190 debere
842 3132 957 3190 videtur

273 3240 391 3281 cernere
406 3242 452 3281 res
465 3224 579 3282 animus
594 3223 712 3281 sublatis
725 3223 858 3298 postibus
872 3224 950 3297 ipsis.

315 3313 391 3370 Illud
405 3314 435 3371 in
449 3313 493 3371 his
507 3314 593 3371 rebus
607 3330 795 3387 nequaquam
809 3331 923 3371 sumere
937 3312 1042 3387 possis,
1124 3330 1179 3390 370

274 3403 437 3461 Democriti
451 3403 533 3478 quod
548 3412 648 3461 sancta
660 3402 713 3459 viri
727 3403 871 3460 sententia
884 3406 977 3479 ponit,

274 3494 404 3568 corporis
418 3504 505 3568 atque
520 3494 610 3551 animi
623 3492 783 3568 primordia
797 3493 909 3568 singula
921 3495 1009 3570 privis
