2792 4025
245 255 301 328 11.]
486 257 540 309 DE
566 256 712 310 RERUM
738 256 911 312 NATURA
1106 260 1145 328 35

242 417 267 475 si
280 435 341 476 non
354 434 442 476 aurea
455 425 522 475 sunt
535 417 672 475 iuvenum
686 417 839 476 simulacra
852 437 906 495 per
919 420 1009 480 aedes

241 506 391 582 lampadas
405 507 538 582 igniferas
551 508 685 566 manibus
699 509 854 567 retinentia
867 509 986 586 dextris,
1117 531 1146 584 25

241 597 351 656 lumina
364 598 512 656 nocturnis
527 598 619 672 epulis
633 608 666 656 ut
680 599 912 674 suppeditentur,

241 705 299 746 nec
313 687 418 746 domus
432 697 552 763 argento
566 688 656 764 fulget
669 707 800 764 auroque
814 690 929 750 renidet

240 796 297 836 nec
312 777 438 836 citharae
452 779 574 836 reboant
588 779 722 854 laqueata
736 790 894 857 aurataque
910 792 996 856 tecta,

242 887 310 926 curn
324 878 422 926 tamen
436 869 511 926 inter
524 887 556 927 se
570 871 705 944 prostrati
719 870 750 929 in
763 873 893 946 gramine
908 875 987 932 molli
1078 910 1083 918 ·

241 969 360 1034 propter
372 977 466 1034 aquae
480 960 573 1018 rivum
588 961 642 1019 sub
656 961 743 1019 ramis
757 962 866 1022 arboris
880 964 955 1022 altae
1114 987 1148 1037 30

240 1067 302 1108 non
316 1050 427 1124 magnis
443 1050 548 1124 opibus
563 1050 691 1108 iucunde
707 1070 831 1126 corpora
844 1064 954 1128 curant,

240 1141 408 1216 praesertim
424 1152 493 1199 cum
507 1150 665 1215 tempestas
679 1141 794 1201 adridet
807 1152 837 1201 et
850 1145 919 1202 anni

240 1239 373 1306 tempora
387 1241 585 1306 conspergunt
598 1230 747 1290 viridantis
761 1233 878 1292 floribus
892 1234 1005 1294 herbas.

239 1338 297 1379 nec
310 1320 423 1379 calidae
438 1322 521 1381 citius
536 1321 686 1381 decedunt
700 1341 823 1398 corpore
837 1324 941 1398 febres,

239 1411 385 1470 textilibus
400 1412 469 1472 siin
483 1413 602 1489 picturis
616 1422 756 1488 ostroque
771 1415 886 1473 rubenti
1113 1435 1144 1491 35

239 1501 363 1577 iacteris,
378 1521 466 1578 quam
480 1503 505 1563 si
517 1503 548 1562 in
562 1503 677 1578 plebeia
690 1513 770 1561 veste
786 1505 955 1564 cubandum
970 1517 1023 1566 est.

240 1604 418 1669 quapropter
430 1594 569 1670 quoniam
583 1593 625 1651 nil
638 1602 739 1652 nostro
753 1594 783 1652 in
798 1612 922 1670 corpore
937 1614 1024 1672 gazae

238 1685 396 1760 proliciunt
409 1702 507 1759 neque
521 1684 656 1743 nobilitas
670 1702 727 1742 nec
742 1685 832 1759 gloria
845 1685 936 1760 regni,

238 1773 321 1850 quod
334 1783 473 1850 superest,
488 1774 587 1832 animo
601 1792 721 1850 quoque
734 1775 775 1832 nil
788 1774 929 1850 prodesse
942 1777 1124 1852 putandum,

238 1865 263 1923 si
275 1883 337 1924 non
351 1866 424 1922 forte
439 1874 501 1923 tuas
515 1865 644 1940 legiones
658 1883 712 1940 per
724 1864 792 1923 loca
805 1865 902 1940 campi
1110 1890 1143 1938 40

237 1955 347 2015 fervere
362 1973 430 2015 curn
443 1954 542 2014 videas
556 1955 622 2015 belli
637 1954 791 2014 simulacra
804 1956 917 2028 cientis,

237 2046 372 2105 subsidiis
385 2046 497 2121 magnis
512 2055 542 2103 et
555 2065 641 2104 ecum
654 2046 683 2103 vi
697 2046 902 2117 constabilitas,

237 2147 411 2211 ornatasque
426 2137 512 2194 armis
526 2144 632 2194 statuas
646 2137 810 2211 pariterque
825 2138 976 2210 animatas,
1026 2188 1033 2204 ,,
1050 2181 1056 2191 ,
1136 2146 1161 2238 q
1188 2179 1200 2204 .,
1212 2186 1221 2218 ,
1229 2174 1280 2231 „J

237 2226 281 2285 his
295 2228 348 2285 tibi
363 2237 424 2286 tum
438 2227 524 2285 rebus
539 2226 706 2285 timefactae
720 2226 874 2324 religigpes
907 2217 976 2284 ὅθ’.
987 2226 1030 2313 “li
1072 2214 1085 2231 ⁴
1104 2174 1122 2264 f
1212 2221 1216 2230 ⁴

236 2316 377 2393 effugiunt
390 2317 489 2376 animo
503 2316 629 2392 pavide,
650 2316 809 2391 mortisque
823 2318 943 2376 timores
1109 2338 1140 2393 45

235 2416 298 2466 tum
312 2426 437 2466 vacuum
451 2417 554 2483 pectus
567 2408 680 2466 lincunt
694 2425 822 2481 curaque
836 2408 972 2482 solutum,

224 2498 345 2557 'fervere
360 2517 428 2556 cum
442 2498 542 2557 videas
557 2498 680 2556 classem
693 2498 810 2572 lateque
824 2498 929 2572 vagari.

236 2588 319 2665 quod
333 2589 357 2647 si
371 2588 492 2647 ridicula
505 2588 578 2646 haec
592 2588 774 2663 ludibriaque
789 2606 853 2646 esse
867 2588 1010 2662 videmus,

234 2697 406 2753 severaque
421 2689 515 2737 metus
530 2678 680 2737 hominum
695 2696 840 2754 curaeque
855 2697 998 2754 sequaces

234 2788 291 2828 nec
305 2778 439 2828 metuunt
452 2770 562 2828 sonitus
576 2787 723 2828 armorum
736 2788 793 2827 nec
807 2770 868 2827 fera
881 2770 940 2828 tela

234 2859 431 2935 audacterque
446 2860 520 2918 inter
533 2878 615 2934 reges
628 2877 784 2934 rerumque
799 2859 927 2935 potentis
1107 2880 1140 2934 50

233 2960 383 3009 versantur
396 2968 493 3025 neque
508 2949 649 3025 fulgorem
663 2960 832 3008 reverentur
845 2951 883 3008 ab
896 2968 968 3011 auro

233 3060 290 3099 nec
305 3042 413 3099 clarum
427 3040 515 3099 vestis
529 3039 717 3115 splendorem
731 3040 897 3116 purpureai,

234 3131 306 3207 quid
320 3129 435 3190 dubitas
449 3132 521 3206 quin
535 3131 624 3189 omni’
639 3132 676 3189 sit
689 3130 763 3188 haec
776 3132 889 3189 rationi’
904 3134 1055 3206 potestas?

233 3222 329 3280 omnis
343 3240 413 3280 cum
426 3222 456 3280 in
470 3221 595 3279 tenebris
609 3220 778 3295 praesertim
791 3222 851 3279 vita
864 3222 984 3279 laboret.

233 3330 303 3371 nam
316 3312 405 3371 veluti
419 3312 502 3387 pueri
516 3310 661 3386 trepidant
675 3321 764 3386 atque
779 3312 878 3370 omnia
892 3311 987 3369 caecis
1105 3330 1118 3382 5
1122 3330 1135 3382 ς

233 3403 264 3461 in
278 3403 405 3463 tenebris
419 3412 561 3473 metuunt,
576 3402 618 3459 sic
632 3420 686 3459 nos
700 3402 730 3459 in
745 3402 810 3459 luce
824 3402 960 3459 timemus

233 3492 389 3565 interdum,
404 3493 464 3551 nilo
478 3510 554 3567 quae
568 3502 635 3551 sunt
649 3491 809 3551 metuenda
821 3493 913 3567 magis
927 3510 1016 3567 quam
