2792 4025
217 266 287 341 lll.]
455 268 510 321 DE
536 269 683 323 RERUM
708 269 880 322 NATURA
1076 271 1117 336 93

214 429 296 488 vivus
310 429 389 487 enim
403 429 457 488 sibi
472 448 539 487 cum
554 430 692 507 proponit
707 431 831 506 quisque
845 431 981 502 futurum,

215 538 321 595 corpus
335 520 377 578 uti
389 521 521 578 volucres
535 521 663 579 lacerent
676 522 707 579 in
720 531 814 580 morte
829 523 974 596 feraeque,
1072 527 1121 577 880

215 613 277 688 ipse
292 613 336 670 sui
350 613 487 686 miseret3
509 632 605 690 neque
619 615 699 672 enim
714 633 745 672 se
760 614 864 672 dividit
877 615 948 672 illim

214 721 272 761 nec
286 713 416 761 removet
430 705 497 762 satis
512 724 530 762 a
543 705 674 778 proiecto
690 723 814 780 corpore
828 715 859 762 et
872 704 952 762 illum

215 812 247 851 se
261 793 344 869 fingit
358 812 503 868 sensuque
519 813 572 852 suo
587 796 769 853 contaminat
782 805 889 854 astans.
917 849 954 877 4

215 885 284 942 hinc
298 883 464 960 indignatur
476 903 508 942 se
524 885 675 942 mortalem
690 904 754 943 esse
768 896 900 943 creatum

215 993 272 1032 nec
285 974 365 1032 videt
378 976 408 1032 in
422 993 490 1032 vera
503 976 614 1034 nullum
629 977 690 1034 sore
705 986 798 1034 morte
811 976 901 1034 alium
915 994 947 1034 se
1070 981 1118 1044 885

215 1065 266 1140 qui
279 1066 372 1141 possit
383 1066 464 1123 vivus
478 1066 533 1124 sibi
547 1084 578 1124 se
592 1066 689 1141 lugere
704 1077 889 1141 peremptum

215 1166 352 1230 stansque
367 1155 512 1213 iacentem
527 1173 557 1213 se
572 1155 691 1214 lacerari
706 1157 785 1214 urive
800 1155 909 1216 dolere.

214 1247 322 1304 namsi
337 1246 366 1304 in
379 1257 473 1305 morte
489 1247 625 1304 malumst
639 1247 720 1304 malis
735 1265 891 1321 morsuque
906 1247 1031 1304 ferarum

214 1337 338 1409 tractari,
352 1355 414 1394 non
428 1337 544 1394 invenio
559 1338 610 1412 qui
623 1356 685 1395 non
698 1339 735 1396 sit
748 1338 887 1396 acerbum

215 1427 328 1502 ignibus
342 1427 502 1502 inpositum
516 1427 616 1486 calidis
631 1437 789 1486 torrescere
804 1427 928 1485 flammis
1071 1435 1120 1499 890

214 1531 265 1580 aut
278 1523 314 1580 in·
322 1522 407 1580 melle
422 1523 509 1580 situm
523 1523 657 1581 suffocari
671 1532 759 1597 atque
773 1523 865 1598 rigere

214 1613 327 1688 frigore,
343 1631 411 1670 cum
425 1631 540 1671 summo
554 1613 642 1688 gelidi
657 1614 746 1676 cubat
760 1631 886 1687 aequore
901 1613 972 1685 saxi,

215 1704 344 1779 urgerive
359 1721 483 1778 superne
499 1705 638 1762 obtritum
651 1703 783 1778 pondere
798 1714 899 1761 terrae.

255 1797 337 1852 ‘lam
352 1795 409 1852 iam
424 1814 485 1853 non
500 1794 605 1854 domus
621 1796 747 1870 accipiet
760 1805 789 1852 te
803 1795 887 1865 laeta,
902 1812 1000 1868 neque
1014 1812 1087 1852 uxor

215 1886 327 1960 optima
339 1903 396 1943 nec
410 1885 511 1944 dulces
525 1895 680 1948 occurrent
694 1885 795 1944 oscula
808 1886 869 1942 nati
1070 1893 1117 1957 893

215 1977 379 2053 praeripere
394 1985 424 2033 et
436 1975 524 2034 tacita
538 1986 640 2051 pectus
655 1975 813 2035 dulcedine
827 1983 958 2051 tangent.

215 2086 277 2125 non
291 2066 399 2142 poteris
412 2066 494 2124 factis
508 2066 675 2125 florentibus
691 2085 763 2137 esse,
778 2068 893 2140 tuisque

216 2157 402 2234 praesidium.
424 2157 530 2214 misero
545 2157 666 2214 misere’
682 2158 763 2213 aiunt
777 2157 896 2214 ‘omnia
922 2155 1034 2214 ademit

216 2266 276 2306 una
290 2247 352 2305 dies
366 2247 469 2305 infesta
482 2247 534 2305 tibi
548 2257 592 2304 tot
606 2248 735 2322 praemia
747 2246 842 2304 vitae?

216 2336 287 2395 illud
301 2338 331 2395 in
346 2338 390 2396 his
404 2339 490 2396 rebus
504 2356 563 2395 non
579 2336 693 2397 addunt
708 2341 783 2394 ‘nec
798 2336 849 2394 tibi
865 2354 965 2393 earum
1071 2356 1120 2407 900

216 2429 274 2487 iam
288 2428 465 2486 desiderium
479 2447 574 2485 rerum
590 2446 677 2503 super
690 2426 798 2485 insidet
811 2428 888 2484 una'

216 2518 299 2593 quod
312 2519 389 2577 bene
402 2520 427 2577 si
439 2518 557 2577 videant
571 2518 670 2577 animo
684 2517 829 2592 dictisque
844 2526 1010 2591 sequantur,

216 2608 376 2667 dissoluant
389 2610 477 2666 animi
492 2628 599 2684 magno
614 2627 644 2667 se
659 2626 767 2683 angore
782 2618 931 2683 metuque.

217 2704 264 2758 ‘tu
278 2699 399 2775 quidem
413 2709 445 2757 ut
459 2718 491 2757 es
504 2700 563 2757 leto
577 2700 698 2775 sopitus,
713 2699 756 2757 sic
770 2699 825 2756 eris
839 2698 904 2756 aevi

217 2788 299 2865 quod
313 2800 444 2865 superest
457 2792 570 2848 cunctis
584 2791 706 2865 privatu'
721 2789 870 2847 doloribus
884 2788 996 2863 aegris:
1070 2808 1117 2862 905

217 2891 247 2939 at
260 2899 315 2939 nos
330 2880 463 2938 horrifico
478 2882 653 2938 cinefactum
667 2890 696 2938 te
711 2898 804 2955 prope
817 2880 904 2939 busto

217 2971 413 3030 insatiabiliter
427 2972 606 3044 deflevimus,
621 2982 831 3047 aeternumque

217 3062 296 3120 nulla
309 3061 372 3120 dies
386 3063 471 3121 nobis
485 3080 647 3120 maerorem
661 3080 677 3119 e
692 3073 813 3138 pectore
827 3061 947 3120 demet‘

217 3151 289 3210 illud
303 3152 340 3210 ab
354 3152 412 3211 hoc
426 3152 511 3227 igitur
524 3152 727 3227 quaerendum
739 3165 793 3223 est,
809 3151 880 3227 quid
894 3152 930 3209 sit
944 3150 1034 3208 amari

218 3251 300 3299 tanto
315 3259 413 3316 opere,
425 3241 463 3299 ad
478 3261 613 3299 somnum
628 3243 652 3300 si
665 3261 712 3299 res
726 3242 802 3299 redit
815 3252 903 3316 atque
918 3242 1056 3315 quietem,
1071 3261 1120 3314 910

218 3352 271 3390 cur
285 3333 438 3408 quisquam
453 3342 573 3391 aeterno
587 3332 679 3407 possit
692 3333 842 3390 tabescere
856 3332 946 3390 luctu.

261 3425 333 3481 Hoc
347 3424 434 3481 etiam
449 3424 558 3481 faciunt
571 3422 623 3481 ubi
636 3421 811 3481 discubuere
826 3432 987 3496 tenentque

220 3514 327 3590 pocula
341 3531 430 3589 saepe
443 3512 577 3573 homines
591 3522 622 3573 et
634 3513 802 3572 inumbrant
816 3531 867 3571 ora
881 3512 1007 3585 coronis,
