2792 4025
218 259 253 331 1.]
456 261 511 312 nu
537 259 684 314 RERUM
712 256 882 316 usrurm
1081 264 1123 328 ²9

216 437 254 478 an
268 419 423 495 prohibere
438 419 547 495 aliquid
561 438 664 479 censes
678 421 853 496 obstareque
867 422 977 496 posse?

215 509 384 568 alterutrum
398 510 511 568 fatearis
526 512 606 568 enim
619 529 775 586 sumasque
789 522 947 570 necessest

217 617 344 675 quorum
357 609 513 675 'utrumque
527 601 580 660 tibi
593 601 731 677 effugium
745 601 908 677 praecludit
920 613 951 660 et
963 619 1052 661 omne
1072 621 1119 676 9⁷5

216 690 297 766 cogit
310 700 343 749 ut
357 699 494 766 exempta
507 691 655 750 concedas
669 691 728 750 fine
742 685 851 767 patere.

216 799 286 839 nam
300 781 360 838 sive
374 789 419 839 est
432 780 533 856 aliquit
546 781 628 857 quod
642 782 767 857 probeat
780 782 948 858 efficiatque

217 871 369 947 quominu’
384 889 445 947 quo
458 873 579 931 missurn
594 882 638 930 est
650 873 750 930 veniat
762 873 872 948 finique
886 874 964 931 locet
977 890 1019 947 se,

217 962 278 1020 sive
292 962 368 1020 foras
382 962 479 1034 fertur,
493 981 555 1020 non
569 973 614 1020 est
626 981 645 1020 a
657 963 717 1021 fine
731 964 904 1038 profectum.

217 1051 276 1111 hoc
289 1061 377 1128 pacto
392 1070 498 1128 sequar
512 1062 609 1127 atque,
625 1070 690 1111 oras
704 1054 883 1128 ubicumque
897 1053 1001 1112 locaris
1073 1061 1123 1126 980

217 1152 370 1216 extremas,
386 1160 524 1218 quaeram
538 1143 610 1219 quid
624 1143 682 1202 telo
696 1143 825 1218 denique
840 1145 899 1203 fiat.

217 1233 269 1292 fiet
282 1233 325 1292 uti
338 1251 484 1309 nusquam
498 1234 589 1309 possit
603 1234 762 1292 consistere
778 1234 843 1292 finis

218 1324 416 1400 effugiumque
430 1325 516 1400 fugae
530 1324 655 1399 prolatet
668 1324 756 1399 copia
769 1342 893 1400 semper.

216 1424 367 1491 postremo
380 1424 448 1472 ante
464 1414 566 1473 oculos
580 1433 626 1473 res
641 1433 703 1473 rem
718 1415 801 1472 finire
815 1414 930 1474 videtur
938 1434 948 1488 3

216 1506 267 1564 aer
280 1504 419 1581 dissaepit
432 1506 514 1564 collis
528 1515 617 1580 atque
631 1506 700 1564 aira
714 1515 839 1577 montes,
1073 1513 1121 1580 985

216 1604 293 1655 terra
305 1614 384 1654 mare
399 1605 429 1654 et
442 1606 545 1654 contra
557 1615 638 1654 mare
652 1606 741 1654 terras
755 1596 892 1654 terminat
905 1596 1020 1670 omnis;

217 1703 306 1746 omne
321 1685 443 1761 quidem
456 1704 526 1744 vero
540 1686 581 1744 nil
592 1696 636 1745 est
650 1686 730 1761 quod
746 1686 828 1745 finiat
842 1696 928 1744 extra

259 1778 413 1835 Praeterea
426 1777 553 1852 spatium
567 1777 690 1835 summai
705 1777 793 1835 totius
806 1795 896 1834 omne

216 1867 348 1942 undique
364 1867 388 1925 si
402 1867 545 1925 inclusum
560 1867 645 1926 certis
660 1868 823 1940 consistere·
834 1867 891 1926 oris

216 1957 390 2033 finitumque
405 1957 487 2031 soret,
503 1958 561 2016 iarn
575 1958 661 2034 copia
675 1958 804 2017 materiai
1073 1979 1122 2031 990

216 2048 349 2123 undique
363 2048 542 2124 ponderibus
556 2049 654 2107 solidis
668 2048 816 2107 confluxet
828 2048 868 2108 ad
880 2049 973 2107 imum

216 2157 274 2198 nec
287 2158 334 2197 res
347 2139 405 2197 ulla
418 2140 478 2215 geri
489 2140 543 2197 sub
557 2140 629 2197 caeli
643 2139 772 2214 tegmine
786 2149 886 2215 posset

216 2248 274 2287 nec
288 2229 363 2289 soret
376 2229 499 2287 omnino
513 2229 627 2287 caelum
641 2247 739 2304 neque
753 2228 863 2295 lumina
877 2228 953 2300 solis,

218 2320 328 2396 quippe
343 2320 393 2379 ubi
407 2320 542 2378 materies
556 2320 651 2378 omnis
666 2320 814 2377 cumulata
826 2320 934 2377 iaceret

218 2429 255 2469 ex
269 2411 382 2470 infinito
397 2411 455 2469 iam
469 2408 602 2486 tempore
617 2409 806 2468 subsidendo.
1074 2429 1121 2483 995

218 2512 247 2561 at
260 2520 340 2560 nunc
354 2502 491 2560 nimirum
506 2500 622 2576 requies
636 2500 707 2559 data
720 2500 927 2576 principiorum

218 2594 389 2669 corporibus
404 2593 518 2666 nullast,
534 2592 604 2669 quia
616 2591 657 2650 nil
671 2601 717 2650 est
730 2590 858 2649 funditus
872 2592 963 2649 imum

219 2702 279 2759 quo
294 2683 377 2758 quasi
392 2683 540 2742 confluere
555 2694 585 2742 et
599 2681 685 2742 sedes
701 2681 752 2740 ubl
765 2699 877 2757 ponere
891 2682 1012 2756 possint.

219 2792 336 2850 semper
349 2775 380 2833 in
393 2766 615 2833 adsiduo'motu
628 2792 675 2833 res
690 2790 826 2849 quaeque
841 2782 976 2847 geruntur

219 2865 348 2941 partibus
362 2883 379 2923 e
393 2865 507 2923 cunctis
521 2864 691 2940 infernaque
707 2862 932 2940 suppeditantur
1061 2884 1123 2920 1000

221 2973 257 3013 ex
271 2955 384 3013 infinito
393 2956 452 3013 cita
466 2973 591 3031 corpora
605 2956 744 3015 materiai.

221 3055 265 3103 est
279 3045 364 3121 igitur
377 3056 479 3104 natura
491 3046 550 3127 loci
564 3046 749 3122 spatiumque
763 3043 910 3122 profundi,

220 3134 303 3211 quod
316 3154 413 3211 neque
427 3136 504 3194 clara
517 3124 570 3194 suo
585 3154 753 3212 percurrere
768 3136 890 3194 fulmina
903 3153 988 3194 cursu

220 3236 363 3302 perpetuo
377 3226 491 3301 possint
504 3227 568 3284 aevi
581 3227 709 3285 labentia
721 3236 815 3285 tractu

220 3334 277 3374 nec
291 3334 424 3393 prorsum
437 3317 532 3375 facere
546 3326 578 3375 ut
591 3326 680 3375 restet
694 3317 790 3375 minus
804 3318 845 3375 ire
858 3315 987 3375 meando
999 3323 1021 3375 ε’»
1063 3334 1124 3387 1005

221 3424 314 3481 usque
326 3405 402 3464 adeo
416 3406 524 3482 passim
537 3416 619 3482 patet
632 3407 736 3482 ingens
749 3408 837 3483 copia
849 3408 936 3466 rebus

221 3496 328 3555 tinibus
343 3498 485 3572 exemptis
499 3498 530 3554 in
544 3507 664 3555 cunctas
679 3497 810 3573 undique
825 3499 926 3578 partis
994 3557 997 3562 ,
