2792 4025
263 286 324 353 190
594 283 825 338 tucnsrrus
1097 284 1163 357 [vr.

257 446 377 522 ancipiti
391 444 531 521 quoniam
544 444 623 505 bello
635 446 767 503 turbatur
778 445 935 522 utrimque,

257 536 326 596 hinc
340 538 464 596 flammis
478 538 556 595 illinc
569 536 662 595 ventis
675 554 837 612 umoreque
851 539 953 597 mixto.

297 628 368 685 Hoc
383 638 427 686 est
442 628 553 702 igniferi
567 637 700 685 naturam
715 628 841 686 fulminis
855 629 948 703 ipsam

255 725 420 800 perspicere
435 734 465 782 et
479 742 537 800 qua
549 725 577 782 vi
592 724 679 781 faciat
692 743 754 782 rem
769 744 916 800 quamque
931 725 1039 799 videre,
1114 736 1165 799 380

255 833 316 872 non
329 814 479 890 Tyrrhena
493 826 569 872 retro
582 815 747 873 volventem
762 816 889 873 cannina
903 816 1005 875 frustra

255 904 364 963 indicia
377 906 509 963 occultae
525 904 623 963 divum
637 906 804 980 perquirere
819 907 935 980 ruentis,

255 994 335 1053 unde
349 996 450 1053 volans
463 996 538 1070 ignis
552 997 716 1071 pervenerit
729 1006 779 1053 aut
793 996 823 1053 in
837 1006 930 1054 utram
945 1014 976 1054 se

255 1087 372 1144 verterit
385 1087 454 1144 hinc
469 1070 584 1161 partim,
598 1104 659 1160 quo
673 1096 762 1160 pacto
776 1104 830 1161 per
842 1088 909 1145 loca
922 1096 1023 1163 saepta

254 1176 413 1248 insinuarit,
428 1187 458 1235 et
472 1177 539 1233 hinc
554 1175 721 1234 dominatus
735 1186 767 1234 ut
780 1177 913 1236 extulerit
926 1196 968 1251 se,
1113 1185 1162 1251 385

254 1266 362 1341 quidve
376 1285 484 1325 nocere
499 1277 588 1341 queat
601 1266 640 1324 de
654 1266 737 1325 caelo
751 1267 879 1326 fulminis
893 1268 976 1328 ictus

254 1357 375 1432 quodsi
389 1357 522 1434 Iuppiter
535 1366 624 1431 atque
638 1358 685 1414 alii
699 1357 839 1433 fulgentia
853 1357 912 1417 divi

253 1449 379 1507 terrifico
394 1449 528 1523 quatiunt
541 1448 639 1506 sonitu
652 1448 790 1505 caelestia
803 1448 913 1523 templa

254 1548 283 1595 et
298 1539 406 1597 iaciunt
420 1540 517 1614 ignem
531 1557 592 1613 quo
606 1539 763 1613 quoiquest
777 1558 904 1615 cumque
918 1539 1060 1616 voluptas

253 1646 306 1687 cur
319 1630 424 1703 quibus
439 1630 587 1687 incautum
602 1629 698 1687 scelus
712 1630 868 1687 aversabile
883 1642 1038 1707 cumquest
1112 1650 1162 1705 390

252 1737 314 1776 non
328 1720 438 1777 faciunt
451 1720 500 1777 icti
514 1720 645 1778 flammas
658 1729 692 1778 ut
705 1720 823 1795 fulguris
838 1719 938 1779 halent

252 1818 373 1884 pectore
387 1810 508 1885 perfixo,
523 1808 673 1868 documen
686 1810 854 1869 mortalibus
869 1829 946 1887 acre,

252 1910 282 1957 et
297 1901 393 1975 potius
407 1900 485 1957 nulla
498 1900 553 1957 sibi
566 1900 642 1974 turpi
656 1900 792 1959 conscius
805 1901 836 1959 in
848 1919 879 1958 re

251 1990 374 2051 volvitur
387 1990 417 2049 in
431 1991 553 2050 flammis
567 1991 703 2049 innoxius
717 1991 807 2067 inque
821 1990 938 2067 peditur

251 2082 366 2140 turbine
380 2082 497 2140 caelesti
512 2082 608 2140 subito
622 2093 773 2157 correptus
787 2094 818 2141 et
832 2085 912 2159 igni?
1111 2101 1159 2158 395

251 2190 304 2230 cur
317 2173 406 2231 etiam
420 2174 486 2230 loca
498 2173 560 2230 sola
573 2182 676 2248 petunt
690 2174 850 2248 frustraque
864 2174 1017 2233 laborant?

147 2293 153 2301 ·
251 2281 290 2321 an
303 2272 366 2320 turn
380 2263 517 2322 bracchia
530 2273 728 2321 consuescunt
742 2264 917 2340 finnantque
932 2265 1077 2324 lacertos?

251 2353 282 2411 in
295 2362 429 2429 terraque
443 2354 533 2429 patris
547 2373 599 2411 cur
612 2355 703 2412 telum
718 2356 920 2430 perpetiuntur

251 2444 398 2520 optundi?
417 2464 469 2502 cur
483 2446 545 2520 ipse
560 2446 627 2503 sinit
641 2463 738 2521 neque
753 2445 845 2520 parcit
859 2447 889 2504 in
904 2445 1015 2504 hostis?

252 2535 380 2609 denique
395 2554 448 2593 cur
461 2553 622 2610 numquam
636 2536 719 2594 caelo
734 2536 801 2594 iacit
815 2536 945 2612 undique
960 2555 1034 2612 puro
1109 2559 1161 2606 400

253 2626 385 2701 Iuppiter
399 2627 428 2683 in
443 2635 531 2684 terras
545 2627 655 2684 fulmen
670 2627 841 2701 sonitusque
855 2625 1027 2702 profundit?

252 2735 290 2774 an
304 2717 389 2775 simul
403 2735 438 2774 ac
452 2718 546 2774 nubes
560 2736 738 2788 successere,
753 2718 816 2792 ipse
831 2719 861 2775 in
875 2737 925 2776 eas
939 2728 1002 2776 tum
1022 2727 1024 2732 '
1040 2749 1045 2756 .

252 2806 413 2879 descendit,
428 2825 521 2883 prope
536 2816 568 2865 ut
582 2807 651 2865 hinc
666 2808 715 2866 teli
730 2807 905 2867 determinet
920 2809 1015 2867 ictus?

251 2899 281 2955 in
295 2916 375 2955 mare
390 2916 449 2972 qua
461 2917 549 2973 porro
563 2899 650 2956 mittit
664 2899 797 2957 ratione?
817 2899 889 2974 quid
903 2898 997 2956 undas

251 2989 344 3062 arguit
358 2999 387 3046 et
400 2988 540 3063 liquidam
555 2990 663 3047 molem
678 3007 860 3064 composque
876 2991 1022 3047 natantis?
1109 3009 1158 3062 405

250 3088 402 3154 praeterea
415 3080 438 3137 si
452 3079 513 3137 vult
526 3098 681 3138 caveamus
696 3080 822 3138 fulminis
836 3081 937 3152 ictum,

251 3188 304 3226 cur
317 3168 430 3228 dubitat
443 3170 539 3228 facere
553 3180 585 3228 ut
598 3172 745 3246 possimus
758 3189 878 3229 cernere
893 3171 1034 3228 missum?

251 3261 275 3318 si
290 3278 346 3317 uec
360 3261 506 3335 opinantis
520 3271 618 3318 autem
631 3261 692 3319 volt
706 3262 871 3336 opprimere
885 3261 954 3336 igni,

251 3369 304 3408 cur
316 3361 399 3409 tonat
412 3369 448 3408 ex
463 3351 510 3407 illa
523 3361 614 3424 parte,
629 3360 661 3408 ut
674 3352 763 3408 vitare
777 3368 929 3426 queamus

251 3458 304 3496 cur
317 3441 452 3498 tenebras
466 3449 533 3497 ante
548 3450 578 3497 et
591 3441 720 3498 fremitus
735 3450 765 3498 et
778 3459 927 3498 murmura
940 3441 1059 3500 concil?
1108 3463 1159 3511 410

252 3539 283 3588 et
296 3529 382 3587 simul
395 3530 426 3587 in
440 3530 545 3587 multas
559 3531 647 3604 partis
662 3532 712 3604 qui
727 3530 847 3589 credere
862 3531 957 3606 possis
