2792 4025
272 259 331 306 112
600 256 834 311 Lucretius
1109 258 1178 330 [Ν.

266 424 297 474 at
310 415 461 474 conlectus
474 432 569 492 aquae
583 414 708 492 digitum
722 432 784 474 non
796 415 881 475 altior
894 436 996 494 unum,

267 505 319 581 qui
332 505 444 581 lapides
458 507 533 564 inter
547 507 619 565 sistit
632 523 686 582 per
700 514 788 564 strata
801 507 922 580 viarum,
1129 529 1160 578 41
1163 530 1179 584 5

268 595 442 671 despectum
456 596 577 671 praebet
591 597 645 654 sub
659 606 749 654 terras
763 596 863 672 inpete
878 608 969 674 tanto,

267 704 285 744 a
300 686 380 744 terris
396 696 536 760 quantum
552 686 626 744 caeli
639 695 721 761 patet
735 687 809 744 altus
822 687 917 746 hiatus
928 707 939 761 3

267 776 366 834 nubila
380 775 523 850 dispicere
539 785 568 834 et
582 776 696 833 caelum
710 785 743 834 ut
756 776 874 836 videare
886 776 988 837 videre

267 875 364 923 cetera
377 865 512 924 'mirando
527 867 582 924 sub
597 875 685 924 terras
698 865 800 924 abdita
813 867 907 927 caelo.

268 955 395 1031 denique
409 957 459 1014 ubi
474 957 504 1014 in
518 956 618 1014 medio
632 957 718 1015 nobis
733 975 803 1015 ecus
817 976 885 1015 acer
898 957 1033 1018 obhaesit
1130 979 1180 1026 420

267 1045 385 1104 flumine
401 1056 430 1104 et
444 1047 474 1104 iu
488 1046 604 1122 rapidas
619 1047 712 1104 amnis
727 1046 916 1122 despeximus
930 1048 1034 1123 undas,

267 1137 366 1194 stantis
381 1138 448 1211 equi
464 1156 570 1213 corpus
585 1146 779 1194 transversum
793 1138 866 1196 ferre
880 1139 997 1196 videtur

265 1226 308 1284 vis
323 1237 352 1284 et
365 1228 395 1285 in
409 1227 562 1285 adversum
578 1227 686 1284 flumen
701 1228 876 1287 contrudere
889 1230 1005 1304 raptim,

266 1326 296 1374 et
310 1335 497 1393 quocumque
512 1319 614 1376 oculos
628 1318 793 1376 traiecimus
807 1320 907 1376 omnia
921 1320 988 1379 ferri

266 1416 296 1465 et
310 1408 398 1466 fluere
412 1407 536 1466 adsimili
551 1409 635 1466 nobis
650 1409 762 1466 ratione
776 1408 921 1469 videntur.
1127 1429 1176 1483 ⁴²5

265 1499 395 1573 porticus
409 1499 524 1573 aequali
538 1498 669 1573 quamvis
684 1509 729 1556 est
743 1497 874 1574 denique
889 1498 980 1557 ductu

266 1597 403 1662 stansque
418 1589 448 1646 in
463 1599 637 1663 perpetuum
652 1589 769 1664 paribus
783 1589 899 1648 suffulta
913 1591 1066 1663 columnis,

266 1677 353 1753 longa
367 1687 466 1735 tamen
480 1688 562 1753 parte
576 1679 614 1736 ab
629 1697 745 1736 summa
758 1697 828 1736 cum
842 1689 905 1738 tota
917 1680 1040 1752 videtur,

265 1768 405 1844 paulatim
419 1769 505 1826 trahit
519 1770 632 1844 angusti
646 1769 758 1844 fastigia
771 1771 853 1841 coni,

265 1867 345 1916 tecta
359 1859 422 1916 solo
437 1860 559 1934 iungens
574 1869 661 1934 atque
677 1860 777 1917 omnia
790 1859 912 1918 dextera
926 1861 1014 1921 laevis
1125 1883 1176 1935 430

266 1947 363 2006 donee
378 1949 407 2006 in
423 1943 580 2007 obscurum
595 1950 663 2007 coni
678 1949 822 2008 conduxit
835 1969 971 2012 acumen.

265 2040 296 2098 iu
310 2040 413 2115 pelago
428 2041 522 2099 nautis
536 2059 573 2097 ex
586 2040 672 2099 undis
687 2051 767 2099 ortus
780 2042 811 2100 iu
825 2042 911 2101 undis

265 2130 309 2187 sol
322 2130 354 2187 fit
368 2130 410 2188 uti
424 2130 555 2188 videatur
569 2131 649 2189 obire
665 2141 695 2189 et
708 2131 838 2190 condere
853 2132 972 2206 lumeu;

265 2220 375 2296 quippe
390 2220 441 2278 ubi
455 2221 494 2277 nil
508 2219 587 2278 aliud
602 2222 656 2279 nisi
671 2240 778 2297 aquam
793 2223 967 2298 caelumque
982 2235 1119 2299 tuentur;

265 2328 303 2368 ne
317 2311 417 2368 leviter
431 2310 533 2369 eredas
546 2312 712 2369 labefactari
726 2312 856 2388 undique
871 2332 981 2374 seusus.
1124 2336 1173 2391 435

265 2409 295 2459 at
309 2402 394 2459 maris
409 2401 513 2477 ignaris
528 2402 557 2459 in
572 2412 658 2477 portu
672 2403 779 2461 clauda
790 2404 926 2462 videntur

264 2491 378 2567 navigia
392 2492 523 2567 aplustris
538 2492 633 2550 fractis
648 2494 773 2551 obnitier
786 2478 892 2553 undae'.

264 2600 334 2639 nam
348 2600 553 2657 quaecumque
568 2600 654 2658 supra
667 2601 763 2641 rorem
777 2586 844 2643 salis
858 2585 937 2643 edita
950 2604 1016 2661 pars
1031 2598 1075 2646 est

264 2690 422 2744 remorum,
437 2682 517 2730 recta
531 2682 583 2742 est,
599 2683 628 2731 et
642 2684 723 2731 recta
736 2692 862 2750 superne
876 2677 1023 2750 guberna:

229 2780 233 2787 ·
265 2780 341 2837 quae
357 2761 492 2820 demersa
506 2764 647 2837 liquorem
662 2765 783 2835 obeunt,
797 2766 920 2823 refracta
932 2766 1067 2826 videntur
1120 2790 1173 2839 440

265 2854 365 2911 omnia
380 2853 508 2911 converti
524 2872 695 2929 sursumque
711 2856 815 2930 supina
828 2857 931 2915 reverti

265 2952 294 3000 et
308 2943 414 3000 reflexa
428 2961 520 3018 prope
536 2944 565 3001 in
580 2963 695 3003 summo
711 2945 821 3003 fluitare
835 2947 956 3022 liquore.

264 3050 386 3107 raraque
399 3052 452 3109 per
466 3034 580 3092 caelum
595 3054 663 3093 eum
676 3036 756 3093 venti
770 3037 869 3094 nubila
881 3048 999 3113 portant

264 3132 397 3198 ternpore
411 3133 565 3195 nocturno,
581 3134 643 3183 tum
657 3125 813 3201 splendida
826 3128 908 3202 signa
922 3128 1058 3186 videntur

264 3213 353 3271 labier
367 3212 521 3273 adversum
535 3216 650 3274 nimbos
664 3226 752 3291 atque
767 3216 807 3273 ire
822 3235 947 3293 superne
1119 3236 1168 3293 445

263 3302 351 3378 longe
366 3304 452 3363 aliam
466 3305 496 3363 in
510 3316 624 3381 partem
638 3324 673 3363 ac
686 3324 755 3364 vera
768 3307 879 3365 ratione
894 3309 1033 3368 seruntur.

263 3404 294 3453 at
309 3396 331 3453 si
346 3396 418 3453 sorte
433 3396 520 3455 oculo
534 3414 638 3454 manus
652 3396 703 3454 uui
716 3396 833 3455 subdita
845 3409 944 3474 supter

262 3487 368 3564 pressit
381 3502 459 3559 eum,
474 3486 604 3562 quodam
617 3504 705 3545 sensu
719 3486 752 3545 fit
764 3487 807 3545 uti
819 3487 972 3549 videantur
