2792 4025
262 261 302 339 58
593 273 825 327 LUCRETIUS
1107 273 1163 344 [ΙΙ.

259 443 289 492 et
303 433 400 508 nigros
415 433 476 490 lieri
490 434 573 509 nigro
587 432 625 491 de
639 434 752 492 semine
766 451 875 509 cycnos

259 533 309 582 aut
322 525 379 581 alio
395 524 498 597 quovis
512 543 572 582 uno
587 524 726 598 varioque
740 524 848 582 colore.
1115 531 1163 596 825

300 615 379 690 Quin
395 615 482 671 etiam
497 625 607 689 quanto
622 615 651 672 in
666 623 762 689 partes
776 633 822 672 res
836 632 971 689 quaeque
986 614 1111 674 minutas

258 705 425 766 distrahitur
439 706 539 779 magis²
555 705 612 763 hoc
627 706 719 780 magis
733 715 777 763 est
791 715 823 763 ut
837 724 955 762 cernere
970 706 1064 781 possis

259 814 432 856 evanescere
446 796 585 871 paulatim
600 797 765 870 stinguique
780 796 929 868 colorem;

258 898 290 946 ut
303 887 336 946 fit
349 887 400 945 ubi
414 887 444 944 in
457 903 558 961 parvas
573 887 662 960 partis
676 886 850 961 discerpitur
863 897 1011 944 austrum:

257 995 383 1053 purpura
397 977 614 1052 poeniceusque
629 976 711 1034 color
724 976 905 1034 clanissimu’
920 977 1022 1048 multo,
1108 984 1160 1048 830

257 1068 358 1141 filatim
373 1085 441 1125 cum
455 1066 624 1124 distractum
641 1076 694 1137 est,
711 1066 885 1142 dispergitur
899 1068 1014 1139 omnis;

258 1176 380 1216 noscere
395 1168 427 1216 ut
440 1157 508 1215 hinc
523 1157 615 1232 possis
630 1157 709 1231 prius
723 1174 844 1214 ornnem
859 1157 957 1214 efflare
971 1157 1101 1215 colorem

258 1247 412 1323 particulas
427 1266 515 1322 quam
530 1247 685 1305 discedant
700 1246 738 1304 ad
753 1248 865 1305 semina
878 1265 982 1306 rerum.

299 1340 451 1396 Postremo
465 1338 604 1412 quoniam
618 1356 680 1395 non
694 1338 795 1395 omnia
808 1356 932 1413 corpora
945 1356 1052 1396 vocem

257 1429 371 1486 mittere
385 1428 526 1486 concedis
540 1446 637 1502 neque
652 1427 784 1499 odorem,
800 1438 955 1503 propterea
968 1429 1001 1486 fit
1114 1435 1162 1501 835

257 1528 289 1576 ut
303 1538 364 1577 non
378 1519 514 1577 omnibus
528 1518 675 1576 adtribuas
690 1519 801 1577 sonitus
816 1527 846 1576 et
859 1518 974 1576 odores.

257 1609 299 1667 sic
313 1610 404 1667 oculis
419 1610 558 1683 quoniam
572 1627 633 1666 non
648 1610 748 1666 omnia
761 1628 881 1667 cernere
896 1610 1021 1684 quimus,

257 1700 330 1758 scire
345 1700 413 1757 licet
427 1699 573 1774 quaedam
587 1709 647 1756 tam
661 1709 795 1757 constare
810 1701 882 1758 orba
895 1701 992 1758 colore

257 1808 345 1864 quam
360 1790 422 1848 sine
438 1789 529 1847 odore
543 1789 602 1848 ullo
617 1789 763 1863 quaedam
777 1791 932 1864 sonituque
947 1800 1068 1860 remota,

256 1899 313 1940 nec
328 1881 423 1938 minus
437 1880 510 1938 haec
525 1880 657 1937 animum
673 1899 852 1955 cognoscere
867 1899 954 1956 posse
966 1899 1101 1956 sagacem
1114 1888 1163 1950 840

256 1988 346 2046 quam
360 1988 434 2045 quae
449 1979 516 2029 sunt
530 1971 591 2029 aliis
604 1971 691 2030 rebus
705 1972 817 2047 privata
827 1981 938 2031 notare.

297 2062 355 2121 Sed
370 2080 407 2120 ne
423 2062 496 2120 sorte
510 2072 595 2137 putes
609 2062 672 2121 solo
687 2063 813 2138 spoliata
826 2064 923 2120 colore

256 2171 379 2228 corpora
392 2154 486 2228 prima
498 2171 625 2223 manere,
641 2153 729 2210 etiam
743 2164 856 2211 secreta
869 2154 976 2229 teporis

196 2277 207 2293 η
256 2254 323 2302 sunt
337 2262 371 2302 ac
386 2243 496 2318 frigoris
511 2244 633 2303 omnino
647 2243 794 2318 calidique
808 2246 933 2319 vaporiS,

256 2342 286 2391 et
299 2335 394 2391 sonitu
409 2334 504 2391 sterila
518 2342 548 2391 et
561 2352 634 2391 suco
648 2334 746 2391 ieiuna
759 2335 897 2405 feruntur,
1113 2343 1160 2407 845

255 2442 311 2481 nec
326 2425 435 2482 iaciunt
448 2424 538 2482 ullum
552 2424 703 2499 proprium
718 2424 756 2483 de
771 2443 894 2498 corpore
909 2424 1041 2483 odorem.

255 2515 330 2572 sicut
343 2514 500 2572 amaracini
512 2514 655 2572 blandum
670 2524 841 2589 stactaeque
856 2516 999 2589 liquorem

256 2614 286 2663 et
299 2606 381 2662 nardi
395 2605 507 2676 florem,
521 2615 623 2662 nectar
636 2606 688 2679 qui
699 2606 817 2664 naribus
832 2606 919 2677 halat,

255 2713 324 2753 curn
338 2696 432 2753 facere
447 2695 588 2765 instituas
604 2696 786 2771 cumprimis
801 2714 939 2769 quaerere
954 2716 1006 2772 par
1020 2707 1072 2768 est,

256 2785 355 2860 quoad
369 2786 438 2843 licet
450 2804 485 2843 ac
500 2786 593 2860 possis
607 2786 744 2860 reperire,
759 2785 894 2844 inolentis
909 2786 975 2844 olivi
1112 2794 1161 2858 850

255 2885 397 2947 naturam,
412 2876 520 2933 nullam
535 2894 611 2950 quae
625 2876 720 2933 mittat
733 2877 850 2934 naribus
865 2895 974 2948 auram,

256 2984 344 3040 quarn
358 2967 478 3023 minime
492 2976 525 3023 ut
538 2966 631 3040 possit
644 2966 751 3023 mixtos
767 2966 797 3023 in
811 2985 934 3041 corpore
949 2966 1055 3025 odores

255 3066 476 3131 concoctosque
491 3074 544 3113 suo
559 3065 745 3113 contractans
759 3055 883 3130 perdere
897 3057 968 3127 viro,

254 3157 374 3222 propter
387 3145 514 3204 eandem
528 3164 590 3203 rem
605 3145 716 3203 debent
730 3146 890 3220 primordia
902 3166 998 3204 rerum

254 3257 316 3297 non
329 3238 468 3297 adhibere
483 3256 568 3295 suum
582 3237 740 3312 gignundis
754 3238 840 3295 rebus
855 3238 977 3297 odorem
1111 3248 1158 3312 855

254 3348 311 3387 nec
326 3330 463 3400 sonitum,
479 3328 619 3402 quoniam
633 3327 674 3385 nil
687 3328 725 3386 ab
740 3346 771 3386 se
786 3329 900 3386 mittere
914 3339 1046 3404 possunt,

254 3437 311 3477 nec
325 3420 409 3477 simili
423 3419 535 3476 ratione
550 3436 685 3493 saporem
700 3417 829 3493 denique
844 3437 1023 3495 quemquam

254 3527 312 3567 nec
325 3509 412 3584 frigus
426 3526 523 3583 neque
537 3509 607 3566 item
622 3508 751 3566 calidum
765 3508 958 3584 tepidumque
972 3528 1120 3585 vaporem,
