2792 4025
161 255 171 280 ⁶
206 293 262 364 n]
445 293 501 346 ns
526 291 675 346 nanum
702 291 876 348 narona
1066 279 1105 342 61

204 456 350 515 cernimus
363 455 485 514 alituum
497 454 663 530 vermisque
677 453 826 526 effervere,
840 464 946 513 terram

204 546 423 622 intempestivos
436 565 528 621 quom
542 555 630 621 putor
643 546 723 620 cepit
737 546 777 603 ob
791 546 900 617 imbris,

203 637 278 696 scire
291 637 360 695 iicet
372 637 452 713 gigni
464 655 553 712 posse
566 654 604 694 ex
616 653 678 693 non
693 636 822 694 sensibu'
836 653 946 693 sensus.

244 725 337 802 Quod
349 727 374 785 si
387 728 461 785 sorte
475 726 578 801 aliquis
591 725 673 784 dicet
686 724 839 782 dumtaxat
853 726 921 783 oriri

203 835 291 893 posse
304 835 323 876 a
335 835 398 876 non
411 835 497 875 sensu
512 833 631 874 sensum
645 815 846 885 mutabilitate,

203 918 254 966 aut
266 908 365 982 aliquo
379 917 529 982 tamquam
542 915 627 981 partu
641 904 725 980 quod
738 905 872 980 proditus
886 914 974 974 extet,

204 998 273 1056 huic
286 998 354 1057 satis
368 996 440 1056 illud
453 998 508 1055 erit
520 996 641 1072 planum
655 997 751 1053 iacere
765 1005 854 1069 atque
868 996 993 1070 probare

203 1107 265 1147 non
278 1089 341 1146 fieri
354 1097 471 1164 partum
485 1087 541 1146 nisi
555 1087 683 1145 concilio
697 1096 766 1144 ante
781 1096 887 1144 coacto

203 1198 261 1238 nec
274 1197 434 1255 quicquam
447 1177 623 1236 commutari
636 1177 700 1235 sine
713 1177 880 1234 conciliatu.

203 1270 348 1346 principio
362 1278 515 1344 nequeunt
528 1269 612 1326 ullius
625 1267 756 1342 corporis
770 1283 834 1324 esse

204 1379 306 1419 sensus
319 1369 387 1418 ante
401 1360 495 1436 ipsam
509 1360 639 1435 genitam
652 1367 786 1416 naturam
800 1357 963 1426 animantis,

204 1451 341 1509 nimirum
354 1450 424 1526 quia
436 1450 572 1508 materies
587 1448 711 1506 disiecta
722 1457 840 1506 tenetur

204 1542 271 1600 aere
285 1540 452 1599 fluminibus
465 1541 547 1598 terris
561 1549 695 1614 terraque
710 1539 823 1610 creatis,

204 1650 261 1690 nec
274 1649 433 1708 congressa
446 1629 539 1689 modo
551 1630 644 1689 vitalis
658 1630 848 1688 convenienti

205 1723 327 1781 contulit
341 1723 417 1781 inter
430 1741 462 1782 se
476 1731 584 1794 motus,
599 1722 707 1797 quibus
720 1721 918 1779 omnituentes

205 1813 322 1872 accensi
335 1831 438 1872 sensus
451 1812 600 1871 animante
615 1813 645 1870 in
660 1829 779 1886 quaque
794 1812 916 1868 cientur.

245 1905 399 1962 Praeterea
411 1903 544 1979 quamvis
558 1903 736 1961 animantem
751 1901 889 1977 grandior
902 1902 986 1965 ictus,

205 2014 295 2070 quam
308 1994 415 2071 patitur
427 2003 539 2066 natura,
553 2002 674 2069 repente
689 1993 801 2069 adfligit
815 2002 844 2051 et
855 1993 950 2050 omnis

205 2086 336 2161 corporis
349 2094 438 2161 atque
452 2085 543 2143 animi
556 2085 651 2160 pergit
664 2084 846 2141 confundere
861 2101 972 2141 sensus.

205 2176 404 2234 dissoluuntur
417 2176 497 2233 enim
510 2176 656 2251 positurae
671 2175 883 2249 principiorum
925 2178 928 2183 ’

206 2276 237 2325 et
249 2267 367 2342 penitus
380 2275 478 2324 motus
491 2265 594 2323 vitales
608 2264 807 2339 inpediuntur,

206 2356 305 2415 donec
318 2357 462 2428 materies,
477 2356 574 2415 omnis
588 2373 734 2413 concussa
747 2372 800 2428 per
814 2362 901 2425 artus,

205 2448 298 2506 vitalis
313 2448 427 2507 animae
441 2446 537 2505 nodos
551 2466 569 2504 a
583 2463 707 2521 corpore
722 2445 807 2502 solvit

207 2538 428 2614 dispersamque
442 2538 518 2595 foras
533 2554 586 2611 per
599 2536 697 2592 caulas
712 2534 798 2592 eiecit
812 2534 917 2592 omnis.

207 2648 277 2687 nam
291 2628 363 2704 quid
377 2637 527 2704 praeterea
541 2627 636 2685 facere
650 2626 743 2683 ictum
756 2642 843 2699 posse
854 2642 969 2682 reamur

208 2720 348 2790 oblatum,
362 2719 418 2777 nisi
432 2718 578 2777 discutere
592 2735 628 2775 ac
643 2716 801 2774 dissoirere
815 2716 972 2789 quaeque?

208 2811 241 2869 fit
255 2828 374 2886 quoque
388 2810 431 2868 uti
446 2810 559 2867 soleant
571 2808 668 2866 minus
683 2807 782 2865 oblato
797 2805 901 2863 acriter
915 2807 975 2864 ictu

207 2902 311 2976 reliqiii
324 2910 421 2959 motus
434 2900 528 2958 vitalis
542 2901 659 2957 vincere
674 2915 774 2971 saepe,

208 2992 334 3063 vincere,
350 3000 379 3049 et
393 2991 517 3066 ingentis
531 2990 634 3065 plagae
649 2989 751 3047 sedare
767 2986 907 3046 turnultus

208 3083 298 3157 inque
313 3100 381 3140 suos
396 3080 536 3156 quicquid
550 3098 645 3137 mrsus
660 3096 799 3137 revocare
814 3087 927 3135 meatus

209 3183 240 3231 et
254 3173 336 3248 quasi
350 3173 408 3229 iam
422 3172 472 3228 leti
486 3170 689 3229 dominantem
703 3170 733 3227 in
748 3186 872 3244 corpore
885 3176 1000 3225 motum

210 3262 356 3321 discutere
370 3280 405 3319 ac
420 3279 515 3336 paene
530 3261 651 3318 amissos
666 3259 830 3317 accendere
844 3276 955 3317 sensus.

209 3368 278 3411 nam
293 3370 351 3427 qua
364 3370 395 3409 re
409 3352 506 3427 potius
520 3351 569 3408 leti
583 3351 642 3407 iarn
656 3350 756 3407 limine
770 3351 808 3406 ab
823 3350 888 3424 ipso

210 3442 249 3501 ad
262 3444 352 3501 vitam
366 3442 458 3518 possit
472 3441 607 3498 conlecta
622 3449 720 3496 mente
734 3440 847 3509 reverti,

211 3552 300 3609 quam
314 3551 374 3607 quo
388 3532 544 3591 decursum
558 3547 651 3607 prope
666 3529 725 3587 iam
736 3531 791 3587 siet
805 3530 846 3586 ire
860 3537 890 3587 et
903 3528 1005 3587 abire?
