<?xml version="1.0" encoding="UTF-8"?>
<!DOCTYPE html PUBLIC "-//W3C//DTD XHTML 1.0 Transitional//EN"
    "http://www.w3.org/TR/xhtml1/DTD/xhtml1-transitional.dtd">
<html xmlns="http://www.w3.org/1999/xhtml" xml:lang="en" lang="en">
 <head>
  <title>
</title>
<meta http-equiv="Content-Type" content="text/html;charset=utf-8" />
  <meta name='ocr-system' content='tesseract 3.04.00' />
  <meta name='ocr-capabilities' content='ocr_page ocr_carea ocr_par ocr_line ocrx_word'/>
</head>
<body>
  <div class='ocr_page' id='page_1' title='image "./tlucreticarider01kelsgoog_0129.png"; bbox 0 0 2792 4025; ppageno 0'>
   <div class='ocr_carea' id='block_1_1' title="bbox 209 284 1109 365">
    <p class='ocr_par' dir='ltr' id='par_1_1' title="bbox 209 284 1109 365">
     <span class='ocr_line' id='line_1_1' title="bbox 209 284 1109 365; baseline -0.002 -18"><span class='ocrx_word' id='word_1_1' title='bbox 209 292 266 365; x_wconf 76' lang='lat' dir='ltr'><strong>tt]</strong></span> <span class='ocrx_word' id='word_1_2' title='bbox 448 293 503 346; x_wconf 90' lang='lat' dir='ltr'><strong>DE</strong></span> <span class='ocrx_word' id='word_1_3' title='bbox 530 293 677 347; x_wconf 89' lang='lat' dir='ltr'>RERUM</span> <span class='ocrx_word' id='word_1_4' title='bbox 703 293 876 349; x_wconf 88' lang='lat' dir='ltr'><strong>NATURA</strong></span> <span class='ocrx_word' id='word_1_5' title='bbox 1068 284 1109 362; x_wconf 77' lang='grc'><strong>65</strong></span> 
     </span>
    </p>
   </div>
   <div class='ocr_carea' id='block_1_2' title="bbox 204 441 1111 3614">
    <p class='ocr_par' dir='ltr' id='par_1_2' title="bbox 204 441 1111 3614">
     <span class='ocr_line' id='line_1_2' title="bbox 206 441 963 531; baseline 0.001 -16"><span class='ocrx_word' id='word_1_6' title='bbox 206 473 376 516; x_wconf 88' lang='lat' dir='ltr'><strong>enumerare</strong></span> <span class='ocrx_word' id='word_1_7' title='bbox 390 463 470 514; x_wconf 87' lang='lat' dir='ltr'><strong>aetas</strong></span> <span class='ocrx_word' id='word_1_8' title='bbox 484 441 664 514; x_wconf 85' lang='lat' dir='ltr'><strong>animantum</strong></span> <span class='ocrx_word' id='word_1_9' title='bbox 677 473 739 514; x_wconf 91' lang='lat' dir='ltr'><strong>non</strong></span> <span class='ocrx_word' id='word_1_10' title='bbox 754 466 843 531; x_wconf 86' lang='lat' dir='ltr'><strong>queat</strong></span> <span class='ocrx_word' id='word_1_11' title='bbox 856 457 963 529; x_wconf 88' lang='lat' dir='ltr'><strong>omnis,</strong></span> 
     </span>
     <span class='ocr_line' id='line_1_3' title="bbox 205 545 1023 622; baseline 0.001 -16"><span class='ocrx_word' id='word_1_12' title='bbox 205 549 307 622; x_wconf 89' lang='lat' dir='ltr'><strong>visque</strong></span> <span class='ocrx_word' id='word_1_13' title='bbox 318 545 424 605; x_wconf 93' lang='lat' dir='ltr'><strong>eadem</strong></span> <span class='ocrx_word' id='word_1_14' title='bbox 438 556 468 605; x_wconf 92' lang='lat' dir='ltr'><strong>et</strong></span> <span class='ocrx_word' id='word_1_15' title='bbox 480 557 583 604; x_wconf 88' lang='lat' dir='ltr'><strong>natura</strong></span> <span class='ocrx_word' id='word_1_16' title='bbox 596 556 695 604; x_wconf 85' lang='lat' dir='ltr'><strong>manet</strong></span> <span class='ocrx_word' id='word_1_17' title='bbox 710 565 785 622; x_wconf 88' lang='lat' dir='ltr'><strong>quae</strong></span> <span class='ocrx_word' id='word_1_18' title='bbox 800 548 913 606; x_wconf 89' lang='lat' dir='ltr'><strong>semina</strong></span> <span class='ocrx_word' id='word_1_19' title='bbox 926 567 1023 608; x_wconf 86' lang='lat' dir='ltr'><strong>remm</strong></span> 
     </span>
     <span class='ocr_line' id='line_1_4' title="bbox 205 637 941 712; baseline 0.001 -16"><span class='ocrx_word' id='word_1_20' title='bbox 205 639 342 697; x_wconf 87' lang='lat' dir='ltr'>conicere</span> <span class='ocrx_word' id='word_1_21' title='bbox 356 637 387 696; x_wconf 89' lang='lat' dir='ltr'><strong>in</strong></span> <span class='ocrx_word' id='word_1_22' title='bbox 400 637 467 695; x_wconf 89' lang='lat' dir='ltr'><strong>loca</strong></span> <span class='ocrx_word' id='word_1_23' title='bbox 479 654 614 712; x_wconf 88' lang='lat' dir='ltr'><strong>quaeque</strong></span> <span class='ocrx_word' id='word_1_24' title='bbox 629 646 718 712; x_wconf 89' lang='lat' dir='ltr'>queat</span> <span class='ocrx_word' id='word_1_25' title='bbox 731 637 816 695; x_wconf 87' lang='lat' dir='ltr'><strong>simili</strong></span> <span class='ocrx_word' id='word_1_26' title='bbox 829 639 941 697; x_wconf 89' lang='lat' dir='ltr'><strong>ratione</strong></span> 
     </span>
     <span class='ocr_line' id='line_1_5' title="bbox 205 727 972 804; baseline 0.001 -17"><span class='ocrx_word' id='word_1_27' title='bbox 205 739 294 804; x_wconf 88' lang='lat' dir='ltr'><strong>atque</strong></span> <span class='ocrx_word' id='word_1_28' title='bbox 307 727 367 786; x_wconf 93' lang='lat' dir='ltr'><strong>huc</strong></span> <span class='ocrx_word' id='word_1_29' title='bbox 380 737 448 786; x_wconf 92' lang='lat' dir='ltr'><strong>sunt</strong></span> <span class='ocrx_word' id='word_1_30' title='bbox 460 728 604 799; x_wconf 90' lang='lat' dir='ltr'><strong>coniecta,</strong></span> <span class='ocrx_word' id='word_1_31' title='bbox 619 746 740 786; x_wconf 85' lang='lat' dir='ltr'><strong>necesse</strong></span> <span class='ocrx_word' id='word_1_32' title='bbox 754 738 799 787; x_wconf 89' lang='lat' dir='ltr'><strong>est</strong></span> <span class='ocrx_word' id='word_1_33' title='bbox 812 729 972 788; x_wconf 88' lang='lat' dir='ltr'><strong>confiteare</strong></span> 
     </span>
     <span class='ocr_line' id='line_1_6' title="bbox 205 818 1110 893; baseline 0 -16"><span class='ocrx_word' id='word_1_34' title='bbox 205 837 269 878; x_wconf 91' lang='lat' dir='ltr'><strong>esse</strong></span> <span class='ocrx_word' id='word_1_35' title='bbox 283 819 354 877; x_wconf 90' lang='lat' dir='ltr'><strong>alios</strong></span> <span class='ocrx_word' id='word_1_36' title='bbox 368 818 430 877; x_wconf 88' lang='lat' dir='ltr'><strong>aliis</strong></span> <span class='ocrx_word' id='word_1_37' title='bbox 444 827 583 876; x_wconf 89' lang='lat' dir='ltr'><strong>terrarum</strong></span> <span class='ocrx_word' id='word_1_38' title='bbox 598 818 628 876; x_wconf 93' lang='lat' dir='ltr'><strong>in</strong></span> <span class='ocrx_word' id='word_1_39' title='bbox 642 819 771 893; x_wconf 88' lang='lat' dir='ltr'><strong>partibus</strong></span> <span class='ocrx_word' id='word_1_40' title='bbox 785 819 864 877; x_wconf 92' lang='lat' dir='ltr'><strong>orbis</strong></span> <span class='ocrx_word' id='word_1_41' title='bbox 1048 840 1110 893; x_wconf 76' lang='lat'><em>ยน075</em></span> 
     </span>
     <span class='ocr_line' id='line_1_7' title="bbox 205 909 913 984; baseline 0.001 -16"><span class='ocrx_word' id='word_1_42' title='bbox 205 919 235 969; x_wconf 92' lang='lat' dir='ltr'><strong>et</strong></span> <span class='ocrx_word' id='word_1_43' title='bbox 248 911 339 968; x_wconf 90' lang='lat' dir='ltr'><strong>varias</strong></span> <span class='ocrx_word' id='word_1_44' title='bbox 353 909 505 968; x_wconf 86' lang='lat' dir='ltr'><strong>hominum</strong></span> <span class='ocrx_word' id='word_1_45' title='bbox 519 909 612 984; x_wconf 89' lang='lat' dir='ltr'><strong>gentis</strong></span> <span class='ocrx_word' id='word_1_46' title='bbox 627 919 657 967; x_wconf 92' lang='lat' dir='ltr'><strong>et</strong></span> <span class='ocrx_word' id='word_1_47' title='bbox 670 909 767 966; x_wconf 85' lang='lat' dir='ltr'><strong>saecla</strong></span> <span class='ocrx_word' id='word_1_48' title='bbox 780 909 913 969; x_wconf 83' lang='lat' dir='ltr'><strong>serarum.</strong></span> 
     </span>
     <span class='ocr_line' id='line_1_8' title="bbox 245 998 949 1073; baseline 0 -15"><span class='ocrx_word' id='word_1_49' title='bbox 245 1001 317 1058; x_wconf 93' lang='lat' dir='ltr'><strong>Huc</strong></span> <span class='ocrx_word' id='word_1_50' title='bbox 331 998 448 1058; x_wconf 89' lang='lat' dir='ltr'><strong>accedit</strong></span> <span class='ocrx_word' id='word_1_51' title='bbox 460 1009 494 1057; x_wconf 95' lang='lat' dir='ltr'><strong>ut</strong></span> <span class='ocrx_word' id='word_1_52' title='bbox 507 999 537 1057; x_wconf 90' lang='lat' dir='ltr'><strong>in</strong></span> <span class='ocrx_word' id='word_1_53' title='bbox 551 1017 665 1057; x_wconf 89' lang='lat' dir='ltr'><strong>summa</strong></span> <span class='ocrx_word' id='word_1_54' title='bbox 678 1018 725 1057; x_wconf 91' lang='lat' dir='ltr'><strong>res</strong></span> <span class='ocrx_word' id='word_1_55' title='bbox 739 1000 818 1057; x_wconf 87' lang='lat' dir='ltr'><strong>nulla</strong></span> <span class='ocrx_word' id='word_1_56' title='bbox 831 1000 867 1058; x_wconf 92' lang='lat' dir='ltr'><strong>sit</strong></span> <span class='ocrx_word' id='word_1_57' title='bbox 881 1019 949 1073; x_wconf 89' lang='lat' dir='ltr'><strong>una,</strong></span> 
     </span>
     <span class='ocr_line' id='line_1_9' title="bbox 204 1090 941 1166; baseline 0 -18"><span class='ocrx_word' id='word_1_58' title='bbox 204 1090 292 1149; x_wconf 89' lang='lat' dir='ltr'><strong>unica</strong></span> <span class='ocrx_word' id='word_1_59' title='bbox 305 1108 381 1165; x_wconf 90' lang='lat' dir='ltr'><strong>quae</strong></span> <span class='ocrx_word' id='word_1_60' title='bbox 394 1090 527 1166; x_wconf 82' lang='lat' dir='ltr'><strong>gignatur</strong></span> <span class='ocrx_word' id='word_1_61' title='bbox 541 1099 572 1148; x_wconf 92' lang='lat' dir='ltr'><strong>et</strong></span> <span class='ocrx_word' id='word_1_62' title='bbox 584 1090 672 1147; x_wconf 88' lang='lat' dir='ltr'><strong>unica</strong></span> <span class='ocrx_word' id='word_1_63' title='bbox 686 1091 805 1165; x_wconf 89' lang='lat' dir='ltr'><strong>solaque</strong></span> <span class='ocrx_word' id='word_1_64' title='bbox 820 1100 941 1162; x_wconf 85' lang='lat' dir='ltr'><strong>crescat,</strong></span> 
     </span>
     <span class='ocr_line' id='line_1_10' title="bbox 205 1179 936 1256; baseline 0.001 -18"><span class='ocrx_word' id='word_1_65' title='bbox 205 1181 275 1256; x_wconf 91' lang='lat' dir='ltr'><strong>quin</strong></span> <span class='ocrx_word' id='word_1_66' title='bbox 290 1181 427 1255; x_wconf 84' lang='lat' dir='ltr'><strong>aliquoiu&#39;</strong></span> <span class='ocrx_word' id='word_1_67' title='bbox 441 1180 496 1238; x_wconf 91' lang='lat' dir='ltr'><strong>siet</strong></span> <span class='ocrx_word' id='word_1_68' title='bbox 509 1179 597 1238; x_wconf 90' lang='lat' dir='ltr'><strong>saecli</strong></span> <span class='ocrx_word' id='word_1_69' title='bbox 610 1180 812 1255; x_wconf 88' lang='lat' dir='ltr'><strong>permultaque</strong></span> <span class='ocrx_word' id='word_1_70' title='bbox 827 1180 936 1239; x_wconf 91' lang='lat' dir='ltr'><strong>eodem</strong></span> 
     </span>
     <span class='ocr_line' id='line_1_11' title="bbox 205 1270 1111 1346; baseline 0.001 -18"><span class='ocrx_word' id='word_1_71' title='bbox 205 1271 262 1329; x_wconf 91' lang='lat' dir='ltr'><strong>sint</strong></span> <span class='ocrx_word' id='word_1_72' title='bbox 275 1288 391 1346; x_wconf 86' lang='lat' dir='ltr'>genere.</span> <span class='ocrx_word' id='word_1_73' title='bbox 413 1270 443 1328; x_wconf 90' lang='lat' dir='ltr'><strong>in</strong></span> <span class='ocrx_word' id='word_1_74' title='bbox 456 1270 556 1345; x_wconf 88' lang='lat' dir='ltr'><strong>primis</strong></span> <span class='ocrx_word' id='word_1_75' title='bbox 570 1270 751 1342; x_wconf 87' lang='lat' dir='ltr'><strong>animalibus,</strong></span> <span class='ocrx_word' id='word_1_76' title='bbox 766 1270 875 1328; x_wconf 89' lang='lat' dir='ltr'><strong>inclute</strong></span> <span class='ocrx_word' id='word_1_77' title='bbox 890 1272 1024 1344; x_wconf 90' lang='lat' dir='ltr'><strong>Memmi,</strong></span> <span class='ocrx_word' id='word_1_78' title='bbox 1047 1279 1111 1329; x_wconf 88' lang='lat'>1080</span> 
     </span>
     <span class='ocr_line' id='line_1_12' title="bbox 204 1361 936 1436; baseline -0.003 -16"><span class='ocrx_word' id='word_1_79' title='bbox 204 1362 334 1420; x_wconf 89' lang='lat' dir='ltr'><strong>invenies</strong></span> <span class='ocrx_word' id='word_1_80' title='bbox 348 1361 389 1419; x_wconf 93' lang='lat' dir='ltr'><strong>sic</strong></span> <span class='ocrx_word' id='word_1_81' title='bbox 404 1361 604 1436; x_wconf 83' lang='lat' dir='ltr'><strong>montivagum</strong></span> <span class='ocrx_word' id='word_1_82' title='bbox 618 1377 711 1436; x_wconf 89' lang='lat' dir='ltr'><strong>genus</strong></span> <span class='ocrx_word' id='word_1_83' title='bbox 725 1378 789 1419; x_wconf 90' lang='lat' dir='ltr'><strong>esse</strong></span> <span class='ocrx_word' id='word_1_84' title='bbox 803 1361 936 1433; x_wconf 80' lang='lat' dir='ltr'><strong>ferarum,</strong></span> 
     </span>
     <span class='ocr_line' id='line_1_13' title="bbox 204 1450 1004 1526; baseline 0.001 -17"><span class='ocrx_word' id='word_1_85' title='bbox 204 1452 246 1510; x_wconf 90' lang='lat' dir='ltr'><strong>sic</strong></span> <span class='ocrx_word' id='word_1_86' title='bbox 261 1451 414 1509; x_wconf 88' lang='lat' dir='ltr'><strong>hominum</strong></span> <span class='ocrx_word' id='word_1_87' title='bbox 427 1451 556 1526; x_wconf 89' lang='lat' dir='ltr'><strong>genitam</strong></span> <span class='ocrx_word' id='word_1_88' title='bbox 569 1451 691 1526; x_wconf 89' lang='lat' dir='ltr'><strong>prolem,</strong></span> <span class='ocrx_word' id='word_1_89' title='bbox 707 1451 750 1508; x_wconf 92' lang='lat' dir='ltr'><strong>sic</strong></span> <span class='ocrx_word' id='word_1_90' title='bbox 766 1450 894 1526; x_wconf 89' lang='lat' dir='ltr'><strong>denique</strong></span> <span class='ocrx_word' id='word_1_91' title='bbox 909 1462 1004 1510; x_wconf 90' lang='lat' dir='ltr'><strong>mutas</strong></span> 
     </span>
     <span class='ocr_line' id='line_1_14' title="bbox 205 1539 1043 1617; baseline 0 -17"><span class='ocrx_word' id='word_1_92' title='bbox 205 1542 419 1617; x_wconf 87' lang='lat' dir='ltr'><strong>squamigerum</strong></span> <span class='ocrx_word' id='word_1_93' title='bbox 434 1539 564 1616; x_wconf 92' lang='lat' dir='ltr'><strong>pecudes</strong></span> <span class='ocrx_word' id='word_1_94' title='bbox 578 1551 608 1598; x_wconf 89' lang='lat' dir='ltr'><strong>et</strong></span> <span class='ocrx_word' id='word_1_95' title='bbox 621 1558 748 1616; x_wconf 89' lang='lat' dir='ltr'><strong>corpora</strong></span> <span class='ocrx_word' id='word_1_96' title='bbox 761 1551 870 1600; x_wconf 90' lang='lat' dir='ltr'><strong>cuneta</strong></span> <span class='ocrx_word' id='word_1_97' title='bbox 883 1543 1043 1600; x_wconf 87' lang='lat' dir='ltr'><strong>volantum.</strong></span> 
     </span>
     <span class='ocr_line' id='line_1_15' title="bbox 205 1631 948 1708; baseline 0.001 -18"><span class='ocrx_word' id='word_1_98' title='bbox 205 1642 400 1708; x_wconf 88' lang='lat' dir='ltr'><strong>quaepropter</strong></span> <span class='ocrx_word' id='word_1_99' title='bbox 413 1632 527 1690; x_wconf 90' lang='lat' dir='ltr'><strong>caelum</strong></span> <span class='ocrx_word' id='word_1_100' title='bbox 541 1631 626 1691; x_wconf 86' lang='lat' dir='ltr'><strong>simili</strong></span> <span class='ocrx_word' id='word_1_101' title='bbox 641 1633 752 1690; x_wconf 90' lang='lat' dir='ltr'><strong>ratione</strong></span> <span class='ocrx_word' id='word_1_102' title='bbox 766 1631 948 1691; x_wconf 85' lang='lat' dir='ltr'><strong>fatendumst</strong></span> 
     </span>
     <span class='ocr_line' id='line_1_16' title="bbox 204 1721 1108 1797; baseline -0.001 -17"><span class='ocrx_word' id='word_1_103' title='bbox 204 1732 368 1797; x_wconf 90' lang='lat' dir='ltr'><strong>terramque</strong></span> <span class='ocrx_word' id='word_1_104' title='bbox 383 1731 413 1779; x_wconf 91' lang='lat' dir='ltr'><strong>et</strong></span> <span class='ocrx_word' id='word_1_105' title='bbox 426 1721 519 1780; x_wconf 90' lang='lat' dir='ltr'><strong>solem</strong></span> <span class='ocrx_word' id='word_1_106' title='bbox 532 1721 631 1780; x_wconf 85' lang='lat' dir='ltr'><strong>lunam</strong></span> <span class='ocrx_word' id='word_1_107' title='bbox 645 1740 734 1794; x_wconf 89' lang='lat' dir='ltr'><strong>mare,</strong></span> <span class='ocrx_word' id='word_1_108' title='bbox 749 1732 848 1780; x_wconf 90' lang='lat' dir='ltr'><strong>cetera</strong></span> <span class='ocrx_word' id='word_1_109' title='bbox 861 1741 937 1797; x_wconf 88' lang='lat' dir='ltr'><strong>quae</strong></span> <span class='ocrx_word' id='word_1_110' title='bbox 952 1733 1027 1796; x_wconf 92' lang='lat' dir='ltr'><strong>sunt,</strong></span> <span class='ocrx_word' id='word_1_111' title='bbox 1046 1732 1108 1795; x_wconf 83' lang='lat'>1085</span> 
     </span>
     <span class='ocr_line' id='line_1_17' title="bbox 204 1811 976 1888; baseline -0.003 -15"><span class='ocrx_word' id='word_1_112' title='bbox 204 1832 265 1873; x_wconf 91' lang='lat' dir='ltr'><strong>non</strong></span> <span class='ocrx_word' id='word_1_113' title='bbox 279 1831 343 1871; x_wconf 93' lang='lat' dir='ltr'><strong>esse</strong></span> <span class='ocrx_word' id='word_1_114' title='bbox 357 1813 453 1884; x_wconf 89' lang='lat' dir='ltr'><strong>unica,</strong></span> <span class='ocrx_word' id='word_1_115' title='bbox 469 1811 523 1870; x_wconf 91' lang='lat' dir='ltr'><strong>sed</strong></span> <span class='ocrx_word' id='word_1_116' title='bbox 537 1830 663 1871; x_wconf 91' lang='lat' dir='ltr'><strong>numero</strong></span> <span class='ocrx_word' id='word_1_117' title='bbox 677 1813 770 1888; x_wconf 84' lang='lat' dir='ltr'><strong>magis</strong></span> <span class='ocrx_word' id='word_1_118' title='bbox 784 1813 976 1887; x_wconf 75' lang='lat' dir='ltr'><strong>innumerali3</strong></span> 
     </span>
     <span class='ocr_line' id='line_1_18' title="bbox 204 1901 917 1980; baseline 0.001 -18"><span class='ocrx_word' id='word_1_119' title='bbox 204 1901 446 1980; x_wconf 90' lang='lat' dir='ltr'><strong>quandoquidem</strong></span> <span class='ocrx_word' id='word_1_120' title='bbox 460 1903 535 1961; x_wconf 88' lang='lat' dir='ltr'><strong>vitae</strong></span> <span class='ocrx_word' id='word_1_121' title='bbox 550 1902 693 1978; x_wconf 90' lang='lat' dir='ltr'><strong>depactus</strong></span> <span class='ocrx_word' id='word_1_122' title='bbox 707 1903 847 1962; x_wconf 89' lang='lat' dir='ltr'><strong>terminus</strong></span> <span class='ocrx_word' id='word_1_123' title='bbox 861 1905 917 1963; x_wconf 89' lang='lat' dir='ltr'><strong>alte</strong></span> 
     </span>
     <span class='ocr_line' id='line_1_19' title="bbox 205 1993 991 2070; baseline 0 -16"><span class='ocrx_word' id='word_1_124' title='bbox 205 2004 264 2054; x_wconf 86' lang='lat' dir='ltr'><strong>tarn</strong></span> <span class='ocrx_word' id='word_1_125' title='bbox 279 2003 378 2053; x_wconf 88' lang='lat' dir='ltr'><strong>manet</strong></span> <span class='ocrx_word' id='word_1_126' title='bbox 392 1993 466 2053; x_wconf 91' lang='lat' dir='ltr'><strong>haec</strong></span> <span class='ocrx_word' id='word_1_127' title='bbox 480 2002 583 2053; x_wconf 90' lang='lat' dir='ltr'><strong>ettam</strong></span> <span class='ocrx_word' id='word_1_128' title='bbox 597 1994 694 2053; x_wconf 90' lang='lat' dir='ltr'><strong>nativo</strong></span> <span class='ocrx_word' id='word_1_129' title='bbox 710 2012 832 2069; x_wconf 90' lang='lat' dir='ltr'><strong>corpore</strong></span> <span class='ocrx_word' id='word_1_130' title='bbox 847 2004 991 2070; x_wconf 83' lang='lat' dir='ltr'><strong>constant,</strong></span> 
     </span>
     <span class='ocr_line' id='line_1_20' title="bbox 205 2084 1109 2162; baseline 0.002 -19"><span class='ocrx_word' id='word_1_131' title='bbox 205 2104 294 2162; x_wconf 91' lang='lat' dir='ltr'><strong>quarn</strong></span> <span class='ocrx_word' id='word_1_132' title='bbox 302 2103 395 2161; x_wconf 88' lang='lat' dir='ltr'><strong>genus</strong></span> <span class='ocrx_word' id='word_1_133' title='bbox 403 2103 492 2143; x_wconf 89' lang='lat' dir='ltr'><strong>omne</strong></span> <span class='ocrx_word' id='word_1_134' title='bbox 501 2084 582 2160; x_wconf 92' lang='lat' dir='ltr'><strong>quod</strong></span> <span class='ocrx_word' id='word_1_135' title='bbox 591 2085 639 2143; x_wconf 91' lang='lat' dir='ltr'><strong>hic</strong></span> <span class='ocrx_word' id='word_1_136' title='bbox 649 2086 838 2160; x_wconf 88' lang='lat' dir='ltr'><strong>generatimst</strong></span> <span class='ocrx_word' id='word_1_137' title='bbox 848 2087 934 2144; x_wconf 91' lang='lat' dir='ltr'><strong>rebus</strong></span> <span class='ocrx_word' id='word_1_138' title='bbox 947 2086 1109 2145; x_wconf 86' lang='lat' dir='ltr'><strong>abundans.</strong></span> 
     </span>
     <span class='ocr_line' id='line_1_21' title="bbox 246 2175 1109 2251; baseline -0.002 -17"><span class='ocrx_word' id='word_1_139' title='bbox 246 2176 331 2251; x_wconf 87' lang='lat' dir='ltr'><strong>Quae</strong></span> <span class='ocrx_word' id='word_1_140' title='bbox 341 2176 418 2235; x_wconf 91' lang='lat' dir='ltr'><strong>bene</strong></span> <span class='ocrx_word' id='word_1_141' title='bbox 432 2176 550 2251; x_wconf 89' lang='lat' dir='ltr'><strong>cognita</strong></span> <span class='ocrx_word' id='word_1_142' title='bbox 564 2176 588 2234; x_wconf 91' lang='lat' dir='ltr'><strong>si</strong></span> <span class='ocrx_word' id='word_1_143' title='bbox 601 2185 710 2247; x_wconf 89' lang='lat' dir='ltr'><strong>teneas,</strong></span> <span class='ocrx_word' id='word_1_144' title='bbox 725 2186 828 2233; x_wconf 89' lang='lat' dir='ltr'><strong>natura</strong></span> <span class='ocrx_word' id='word_1_145' title='bbox 840 2175 955 2234; x_wconf 91' lang='lat' dir='ltr'><strong>videtur</strong></span> <span class='ocrx_word' id='word_1_146' title='bbox 1047 2199 1109 2249; x_wconf 79' lang='lat'>1090</span> 
     </span>
     <span class='ocr_line' id='line_1_22' title="bbox 204 2266 858 2341; baseline -0.003 -15"><span class='ocrx_word' id='word_1_147' title='bbox 204 2267 295 2326; x_wconf 90' lang='lat' dir='ltr'><strong>libera</strong></span> <span class='ocrx_word' id='word_1_148' title='bbox 305 2268 447 2325; x_wconf 90' lang='lat' dir='ltr'><strong>continuo</strong></span> <span class='ocrx_word' id='word_1_149' title='bbox 462 2266 588 2325; x_wconf 88' lang='lat' dir='ltr'><strong>dominis</strong></span> <span class='ocrx_word' id='word_1_150' title='bbox 602 2266 714 2341; x_wconf 83' lang='lat' dir='ltr'><strong>privata</strong></span> <span class='ocrx_word' id='word_1_151' title='bbox 726 2266 858 2340; x_wconf 90' lang='lat' dir='ltr'><strong>superbis</strong></span> 
     </span>
     <span class='ocr_line' id='line_1_23' title="bbox 205 2356 961 2433; baseline -0.001 -17"><span class='ocrx_word' id='word_1_152' title='bbox 205 2359 269 2433; x_wconf 89' lang='lat' dir='ltr'><strong>ipsa</strong></span> <span class='ocrx_word' id='word_1_153' title='bbox 278 2376 329 2416; x_wconf 91' lang='lat' dir='ltr'><strong>sua</strong></span> <span class='ocrx_word' id='word_1_154' title='bbox 342 2375 396 2433; x_wconf 92' lang='lat' dir='ltr'><strong>per</strong></span> <span class='ocrx_word' id='word_1_155' title='bbox 409 2375 440 2415; x_wconf 90' lang='lat' dir='ltr'><strong>se</strong></span> <span class='ocrx_word' id='word_1_156' title='bbox 455 2366 560 2431; x_wconf 91' lang='lat' dir='ltr'><strong>sponte</strong></span> <span class='ocrx_word' id='word_1_157' title='bbox 575 2357 674 2415; x_wconf 90' lang='lat' dir='ltr'><strong>omnia</strong></span> <span class='ocrx_word' id='word_1_158' title='bbox 688 2356 734 2414; x_wconf 94' lang='lat' dir='ltr'><strong>dis</strong></span> <span class='ocrx_word' id='word_1_159' title='bbox 748 2373 833 2431; x_wconf 90' lang='lat' dir='ltr'><strong>agere</strong></span> <span class='ocrx_word' id='word_1_160' title='bbox 849 2375 961 2431; x_wconf 85' lang='lat' dir='ltr'><strong>expers.</strong></span> 
     </span>
     <span class='ocr_line' id='line_1_24' title="bbox 204 2447 949 2524; baseline -0.004 -18"><span class='ocrx_word' id='word_1_161' title='bbox 204 2466 273 2506; x_wconf 91' lang='lat' dir='ltr'><strong>narn</strong></span> <span class='ocrx_word' id='word_1_162' title='bbox 288 2466 342 2524; x_wconf 93' lang='lat' dir='ltr'><strong>pro</strong></span> <span class='ocrx_word' id='word_1_163' title='bbox 356 2456 457 2505; x_wconf 88' lang='lat' dir='ltr'><strong>sancta</strong></span> <span class='ocrx_word' id='word_1_164' title='bbox 471 2447 560 2505; x_wconf 87' lang='lat' dir='ltr'><strong>deum</strong></span> <span class='ocrx_word' id='word_1_165' title='bbox 574 2447 726 2521; x_wconf 90' lang='lat' dir='ltr'><strong>tranquilla</strong></span> <span class='ocrx_word' id='word_1_166' title='bbox 740 2456 861 2521; x_wconf 87' lang='lat' dir='ltr'><strong>pectora</strong></span> <span class='ocrx_word' id='word_1_167' title='bbox 875 2464 949 2521; x_wconf 90' lang='lat' dir='ltr'><strong>pace</strong></span> 
     </span>
     <span class='ocr_line' id='line_1_25' title="bbox 206 2536 1007 2615; baseline -0.002 -19"><span class='ocrx_word' id='word_1_168' title='bbox 206 2557 282 2615; x_wconf 93' lang='lat' dir='ltr'><strong>quae</strong></span> <span class='ocrx_word' id='word_1_169' title='bbox 296 2537 444 2613; x_wconf 88' lang='lat' dir='ltr'><strong>placidum</strong></span> <span class='ocrx_word' id='word_1_170' title='bbox 458 2536 570 2611; x_wconf 91' lang='lat' dir='ltr'><strong>degunt</strong></span> <span class='ocrx_word' id='word_1_171' title='bbox 583 2556 687 2595; x_wconf 89' lang='lat' dir='ltr'><strong>aevom</strong></span> <span class='ocrx_word' id='word_1_172' title='bbox 701 2537 850 2611; x_wconf 90' lang='lat' dir='ltr'><strong>vitamque</strong></span> <span class='ocrx_word' id='word_1_173' title='bbox 865 2555 1007 2607; x_wconf 88' lang='lat' dir='ltr'><strong>serenam,</strong></span> 
     </span>
     <span class='ocr_line' id='line_1_26' title="bbox 206 2627 1108 2706; baseline -0.007 -18"><span class='ocrx_word' id='word_1_174' title='bbox 206 2630 271 2706; x_wconf 91' lang='lat' dir='ltr'><strong>quis</strong></span> <span class='ocrx_word' id='word_1_175' title='bbox 280 2647 380 2704; x_wconf 75' lang='lat' dir='ltr'><strong>regere</strong></span> <span class='ocrx_word' id='word_1_176' title='bbox 391 2628 526 2686; x_wconf 90' lang='lat' dir='ltr'><strong>immensi</strong></span> <span class='ocrx_word' id='word_1_177' title='bbox 534 2646 688 2699; x_wconf 83' lang='lat' dir='ltr'><strong>summanr,</strong></span> <span class='ocrx_word' id='word_1_178' title='bbox 700 2628 765 2702; x_wconf 89' lang='lat' dir='ltr'><strong>quis</strong></span> <span class='ocrx_word' id='word_1_179' title='bbox 776 2627 883 2685; x_wconf 90' lang='lat' dir='ltr'><strong>habere</strong></span> <span class='ocrx_word' id='word_1_180' title='bbox 894 2628 1030 2703; x_wconf 81' lang='lat' dir='ltr'><strong>profundi</strong></span> <span class='ocrx_word' id='word_1_181' title='bbox 1048 2647 1108 2700; x_wconf 83' lang='lat'>ยน095</span> 
     </span>
     <span class='ocr_line' id='line_1_27' title="bbox 205 2717 1006 2792; baseline -0.002 -13"><span class='ocrx_word' id='word_1_182' title='bbox 205 2719 277 2779; x_wconf 89' lang='lat' dir='ltr'><strong>indu</strong></span> <span class='ocrx_word' id='word_1_183' title='bbox 292 2738 380 2777; x_wconf 87' lang='lat' dir='ltr'><strong>manu</strong></span> <span class='ocrx_word' id='word_1_184' title='bbox 394 2718 502 2777; x_wconf 86' lang='lat' dir='ltr'><strong>validas</strong></span> <span class='ocrx_word' id='word_1_185' title='bbox 516 2718 593 2792; x_wconf 89' lang='lat' dir='ltr'><strong>potis</strong></span> <span class='ocrx_word' id='word_1_186' title='bbox 607 2728 652 2777; x_wconf 91' lang='lat' dir='ltr'><strong>est</strong></span> <span class='ocrx_word' id='word_1_187' title='bbox 665 2717 852 2775; x_wconf 87' lang='lat' dir='ltr'><strong>moderanter</strong></span> <span class='ocrx_word' id='word_1_188' title='bbox 868 2718 1006 2791; x_wconf 89' lang='lat' dir='ltr'><strong>habenas,</strong></span> 
     </span>
     <span class='ocr_line' id='line_1_28' title="bbox 206 2808 950 2886; baseline -0.003 -17"><span class='ocrx_word' id='word_1_189' title='bbox 206 2811 270 2886; x_wconf 91' lang='lat' dir='ltr'><strong>quis</strong></span> <span class='ocrx_word' id='word_1_190' title='bbox 285 2811 391 2885; x_wconf 90' lang='lat' dir='ltr'><strong>pariter</strong></span> <span class='ocrx_word' id='word_1_191' title='bbox 405 2809 501 2868; x_wconf 89' lang='lat' dir='ltr'><strong>caelos</strong></span> <span class='ocrx_word' id='word_1_192' title='bbox 515 2808 611 2867; x_wconf 86' lang='lat' dir='ltr'><strong>omnis</strong></span> <span class='ocrx_word' id='word_1_193' title='bbox 625 2818 797 2867; x_wconf 87' lang='lat' dir='ltr'><strong>convertere</strong></span> <span class='ocrx_word' id='word_1_194' title='bbox 811 2817 841 2867; x_wconf 90' lang='lat' dir='ltr'><strong>et</strong></span> <span class='ocrx_word' id='word_1_195' title='bbox 855 2809 950 2867; x_wconf 89' lang='lat' dir='ltr'><strong>omnis</strong></span> 
     </span>
     <span class='ocr_line' id='line_1_29' title="bbox 206 2899 809 2977; baseline -0.005 -17"><span class='ocrx_word' id='word_1_196' title='bbox 206 2902 321 2977; x_wconf 88' lang='lat' dir='ltr'><strong>ignibus</strong></span> <span class='ocrx_word' id='word_1_197' title='bbox 334 2900 469 2975; x_wconf 88' lang='lat' dir='ltr'><strong>aetheriis</strong></span> <span class='ocrx_word' id='word_1_198' title='bbox 482 2910 571 2959; x_wconf 89' lang='lat' dir='ltr'><strong>terras</strong></span> <span class='ocrx_word' id='word_1_199' title='bbox 586 2899 682 2959; x_wconf 90' lang='lat' dir='ltr'><strong>suffire</strong></span> <span class='ocrx_word' id='word_1_200' title='bbox 696 2900 809 2971; x_wconf 76' lang='lat' dir='ltr'><strong>feracia,</strong></span> 
     </span>
     <span class='ocr_line' id='line_1_30' title="bbox 206 2990 969 3065; baseline -0.003 -15"><span class='ocrx_word' id='word_1_201' title='bbox 206 2991 343 3050; x_wconf 90' lang='lat' dir='ltr'><strong>omnibus</strong></span> <span class='ocrx_word' id='word_1_202' title='bbox 357 2992 422 3050; x_wconf 91' lang='lat' dir='ltr'><strong>inve</strong></span> <span class='ocrx_word' id='word_1_203' title='bbox 436 2991 509 3049; x_wconf 91' lang='lat' dir='ltr'><strong>locis</strong></span> <span class='ocrx_word' id='word_1_204' title='bbox 523 3009 586 3049; x_wconf 90' lang='lat' dir='ltr'><strong>esse</strong></span> <span class='ocrx_word' id='word_1_205' title='bbox 601 2990 682 3049; x_wconf 90' lang='lat' dir='ltr'><strong>omni</strong></span> <span class='ocrx_word' id='word_1_206' title='bbox 696 3000 829 3065; x_wconf 90' lang='lat' dir='ltr'><strong>tempore</strong></span> <span class='ocrx_word' id='word_1_207' title='bbox 842 2998 969 3065; x_wconf 89' lang='lat' dir='ltr'><strong>praest0,</strong></span> 
     </span>
     <span class='ocr_line' id='line_1_31' title="bbox 205 3082 1110 3157; baseline -0.006 -16"><span class='ocrx_word' id='word_1_208' title='bbox 205 3083 332 3142; x_wconf 82' lang='lat' dir='ltr'><strong>nubibus</strong></span> <span class='ocrx_word' id='word_1_209' title='bbox 345 3092 378 3140; x_wconf 92' lang='lat' dir='ltr'><strong>ut</strong></span> <span class='ocrx_word' id='word_1_210' title='bbox 391 3082 524 3141; x_wconf 88' lang='lat' dir='ltr'><strong>tenebras</strong></span> <span class='ocrx_word' id='word_1_211' title='bbox 538 3082 624 3139; x_wconf 85' lang='lat' dir='ltr'><strong>saciat</strong></span> <span class='ocrx_word' id='word_1_212' title='bbox 639 3082 770 3157; x_wconf 91' lang='lat' dir='ltr'><strong>caelique</strong></span> <span class='ocrx_word' id='word_1_213' title='bbox 785 3098 887 3139; x_wconf 89' lang='lat' dir='ltr'><strong>serena</strong></span> <span class='ocrx_word' id='word_1_214' title='bbox 1047 3102 1110 3137; x_wconf 83' lang='lat'>1100</span> 
     </span>
     <span class='ocr_line' id='line_1_32' title="bbox 207 3170 933 3246; baseline -0.003 -15"><span class='ocrx_word' id='word_1_215' title='bbox 207 3174 355 3232; x_wconf 89' lang='lat' dir='ltr'><strong>concutiat</strong></span> <span class='ocrx_word' id='word_1_216' title='bbox 368 3173 474 3246; x_wconf 91' lang='lat' dir='ltr'><strong>sonitu,</strong></span> <span class='ocrx_word' id='word_1_217' title='bbox 489 3182 551 3230; x_wconf 84' lang='lat' dir='ltr'><strong>turn</strong></span> <span class='ocrx_word' id='word_1_218' title='bbox 565 3173 686 3231; x_wconf 85' lang='lat' dir='ltr'><strong>fulmina</strong></span> <span class='ocrx_word' id='word_1_219' title='bbox 699 3173 795 3230; x_wconf 90' lang='lat' dir='ltr'><strong>mittat</strong></span> <span class='ocrx_word' id='word_1_220' title='bbox 808 3181 838 3230; x_wconf 91' lang='lat' dir='ltr'><strong>et</strong></span> <span class='ocrx_word' id='word_1_221' title='bbox 851 3170 933 3230; x_wconf 91' lang='lat' dir='ltr'><strong>aedis</strong></span> 
     </span>
     <span class='ocr_line' id='line_1_33' title="bbox 206 3262 906 3339; baseline -0.003 -17"><span class='ocrx_word' id='word_1_222' title='bbox 206 3282 295 3339; x_wconf 86' lang='lat' dir='ltr'><strong>saepe</strong></span> <span class='ocrx_word' id='word_1_223' title='bbox 310 3283 376 3322; x_wconf 89' lang='lat' dir='ltr'><strong>suas</strong></span> <span class='ocrx_word' id='word_1_224' title='bbox 390 3263 531 3321; x_wconf 90' lang='lat' dir='ltr'><strong>disturbet</strong></span> <span class='ocrx_word' id='word_1_225' title='bbox 546 3271 575 3321; x_wconf 92' lang='lat' dir='ltr'><strong>et</strong></span> <span class='ocrx_word' id='word_1_226' title='bbox 589 3264 620 3321; x_wconf 92' lang='lat' dir='ltr'><strong>in</strong></span> <span class='ocrx_word' id='word_1_227' title='bbox 633 3262 750 3321; x_wconf 89' lang='lat' dir='ltr'><strong>deserta</strong></span> <span class='ocrx_word' id='word_1_228' title='bbox 763 3262 906 3321; x_wconf 90' lang='lat' dir='ltr'><strong>recedens</strong></span> 
     </span>
     <span class='ocr_line' id='line_1_34' title="bbox 207 3352 926 3428; baseline -0.004 -15"><span class='ocrx_word' id='word_1_229' title='bbox 207 3355 314 3413; x_wconf 89' lang='lat' dir='ltr'><strong>saeviat</strong></span> <span class='ocrx_word' id='word_1_230' title='bbox 328 3372 466 3411; x_wconf 86' lang='lat' dir='ltr'><strong>exercens</strong></span> <span class='ocrx_word' id='word_1_231' title='bbox 481 3354 570 3411; x_wconf 89' lang='lat' dir='ltr'><strong>telum</strong></span> <span class='ocrx_word' id='word_1_232' title='bbox 585 3352 667 3428; x_wconf 92' lang='lat' dir='ltr'><strong>quod</strong></span> <span class='ocrx_word' id='word_1_233' title='bbox 681 3370 769 3427; x_wconf 90' lang='lat' dir='ltr'><strong>saepe</strong></span> <span class='ocrx_word' id='word_1_234' title='bbox 784 3363 926 3411; x_wconf 89' lang='lat' dir='ltr'><strong>nocentes</strong></span> 
     </span>
     <span class='ocr_line' id='line_1_35' title="bbox 206 3443 996 3521; baseline -0.004 -18"><span class='ocrx_word' id='word_1_235' title='bbox 206 3447 343 3521; x_wconf 88' lang='lat' dir='ltr'><strong>praeterit</strong></span> <span class='ocrx_word' id='word_1_236' title='bbox 357 3444 560 3520; x_wconf 89' lang='lat' dir='ltr'><strong>exanimatque</strong></span> <span class='ocrx_word' id='word_1_237' title='bbox 575 3444 712 3519; x_wconf 89' lang='lat' dir='ltr'><strong>indignos</strong></span> <span class='ocrx_word' id='word_1_238' title='bbox 726 3444 815 3518; x_wconf 89' lang='lat' dir='ltr'><strong>inque</strong></span> <span class='ocrx_word' id='word_1_239' title='bbox 829 3443 996 3501; x_wconf 87' lang='lat' dir='ltr'><strong>merentes?</strong></span> 
     </span>
     <span class='ocr_line' id='line_1_36' title="bbox 248 3533 1109 3614; baseline -0.006 -19"><span class='ocrx_word' id='word_1_240' title='bbox 248 3536 400 3614; x_wconf 85' lang='lat' dir='ltr'><strong>Multaque</strong></span> <span class='ocrx_word' id='word_1_241' title='bbox 414 3546 482 3612; x_wconf 92' lang='lat' dir='ltr'><strong>post</strong></span> <span class='ocrx_word' id='word_1_242' title='bbox 496 3535 597 3593; x_wconf 90' lang='lat' dir='ltr'><strong>mundi</strong></span> <span class='ocrx_word' id='word_1_243' title='bbox 612 3546 728 3610; x_wconf 89' lang='lat' dir='ltr'><strong>tempus</strong></span> <span class='ocrx_word' id='word_1_244' title='bbox 741 3534 867 3609; x_wconf 87' lang='lat' dir='ltr'><strong>genitale</strong></span> <span class='ocrx_word' id='word_1_245' title='bbox 881 3533 1020 3610; x_wconf 89' lang='lat' dir='ltr'><strong>diemque</strong></span> <span class='ocrx_word' id='word_1_246' title='bbox 1048 3550 1109 3605; x_wconf 81' lang='lat'><em>1ยน05</em></span> 
     </span>
    </p>
   </div>
   <div class='ocr_carea' id='block_1_3' title="bbox 654 3642 668 3693">
    <p class='ocr_par' dir='ltr' id='par_1_3' title="bbox 654 3642 668 3693">
     <span class='ocr_line' id='line_1_37' title="bbox 654 3642 668 3693; baseline 0 0"><span class='ocrx_word' id='word_1_247' title='bbox 654 3642 668 3693; x_wconf 89' lang='grc'><strong>5</strong></span> 
     </span>
    </p>
   </div>
   <div class='ocr_carea' id='block_1_4' title="bbox 0 0 1400 4025">
    <p class='ocr_par' dir='ltr' id='par_1_4' title="bbox 0 0 1400 4025">
     <span class='ocr_line' id='line_1_38' title="bbox 0 0 1400 4025; baseline 0 0"><span class='ocrx_word' id='word_1_248' title='bbox 0 0 1400 4025; x_wconf 95' lang='lat' dir='ltr'><strong> </strong></span> 
     </span>
    </p>
   </div>
  </div>
 </body>
</html>
