2792 4025
238 268 304 340 vn]
479 268 535 321 ns
560 268 707 322 annum
735 268 907 324 unrunn
1083 272 1141 336 193

237 439 268 488 et
282 428 364 505 quasi
379 428 675 494 densendosubtexit
687 430 804 489 caemla
817 431 934 490 nimbis,

237 520 271 579 fit
284 538 404 596 quoque
418 531 451 578 ut
464 520 521 579 huc
534 521 652 578 veniant
667 522 697 579 in
710 522 824 579 caelum
840 523 1018 580 extrinsecus
1032 521 1080 581 illa

237 629 362 685 corpora
374 629 450 686 quae
465 612 574 669 iaciunt
586 612 671 669 nubis
685 612 862 686 nimbosque
878 613 1022 685 volantis;

237 701 476 760 innumerabilem
486 703 565 760 enim
571 720 725 760 numerum
734 721 938 779 summamque
949 703 1085 779 profundi
1093 711 1142 775 485

237 809 302 850 esse
316 792 456 849 infinitam
472 791 570 863 docui,
585 802 753 867 quantaque
768 793 899 851 volarent

237 900 362 957 corpora
376 883 536 941 mobilitate
550 882 667 941 ostendi
682 901 830 958 quamque
844 892 967 959 repente

237 972 457 1031 inmemorabile
470 990 524 1047 per
536 973 663 1047 spatium
676 974 797 1031 transire
811 974 947 1032 solerent.

237 1062 308 1121 haut
321 1064 406 1139 igitur
419 1064 550 1121 mirumst
563 1065 587 1121 si
601 1080 692 1138 parvo
706 1072 839 1139 tempore
854 1066 941 1139 s'aepe

236 1154 380 1212 montibu¹
395 1163 456 1211 tam
469 1154 582 1228 magnis
595 1162 753 1228 tempestas
767 1163 855 1228 atque
869 1153 1009 1212 tenebrae
1093 1172 1143 1225 490

237 1244 391 1319 coperiunt
405 1243 496 1301 maria
508 1262 544 1301 ac
557 1253 646 1302 terras
660 1244 785 1318 inpensa
798 1261 933 1318 superne,

236 1335 368 1409 undique
382 1332 623 1409 quandoquidem
637 1351 690 1410 per
704 1334 802 1391 caulas
817 1334 941 1392 aetheris
956 1332 1052 1392 omnis

237 1435 268 1484 et
282 1426 365 1500 quasi
379 1425 542 1500 permagni
557 1425 667 1483 circum
681 1424 824 1500 spiracula
838 1424 941 1483 mundi

236 1516 331 1575 exitus
345 1516 536 1591 introitusque
550 1515 702 1573 elementis
715 1514 847 1574 redditus
861 1523 949 1574 extat.

278 1607 366 1665 Nunc
380 1624 444 1681 age,
459 1624 519 1680 quo
533 1616 622 1681 pacto
637 1606 750 1681 pluvius
764 1614 935 1663 concrescat
949 1605 979 1663 in
994 1603 1058 1671 altis
1092 1622 1140 1677 495

235 1698 362 1756 nubibus
376 1715 461 1755 umor
474 1705 504 1755 et
518 1697 550 1754 in
562 1707 652 1754 terras
665 1695 809 1755 'demissus
823 1706 855 1754 ut
869 1696 964 1755 imber

235 1787 364 1858 decidat,
379 1786 546 1862 expediam.
562 1788 671 1862 primus
686 1788 744 1845 iam
758 1788 871 1845 semina
884 1786 971 1861 aquai

235 1880 327 1937 multa
340 1878 426 1936 simul
438 1879 554 1936 vincam
568 1895 744 1952 consurgere
758 1878 885 1936 nubibus
899 1877 969 1952 ipsis

236 1969 372 2028 omnibus
386 1986 425 2028 ex
437 1969 525 2028 rebus
537 1968 703 2044 pariterque
718 1968 757 2026 ita
771 1985 902 2027 crescere
916 1976 1082 2042 utmmque,

236 2059 365 2118 et'nubis
379 2068 409 2117 et
422 2077 529 2133 aquam
544 2077 748 2133 quaecumque
763 2059 794 2117 in
807 2059 932 2117 nubibus
947 2067 1034 2130 extat,
1092 2075 1141 2128 500

236 2159 270 2208 ut
282 2151 388 2225 pariter
401 2150 486 2208 nobis
499 2167 607 2224 corpus
621 2167 688 2206 cum
703 2149 843 2223 sanguine
858 2148 971 2220 crescit,

236 2240 327 2299 sudor
340 2241 410 2298 item
419 2249 507 2314 atque
516 2257 602 2297 umor
609 2239 788 2313 quicumque
798 2249 842 2297 est
853 2238 982 2313 denique
991 2237 1139 2297 membris

236 2331 409 2406 concipiunt
423 2331 511 2388 etiam
525 2330 649 2388 multum
663 2347 783 2403 quoque
797 2346 886 2404 saepe
901 2329 1043 2388 marinum

236 2440 379 2492 umorem,
394 2421 481 2479 veluti
495 2420 655 2496 pendentia
666 2419 773 2477 vellera
785 2419 879 2491 lanae,

236 2531 305 2570 cum
319 2530 424 2587 supera
436 2530 576 2587 magnum
591 2528 670 2569 mare
682 2510 763 2568 venti
775 2510 876 2568 nubila
888 2519 1014 2585 portant.
1089 2528 1136 2582 505

236 2603 379 2662 consimili
393 2603 505 2660 ratione
520 2621 557 2660 ex
570 2602 707 2660 omnibus
720 2601 855 2659 amnibus
869 2619 954 2658 umor

236 2695 344 2752 tollitur
357 2695 386 2752 in
401 2694 495 2752 nubis.
510 2711 571 2768 quo
585 2711 654 2750 cum
668 2693 746 2750 bene
760 2692 873 2749 semina
885 2709 1024 2765 aquarum

236 2785 327 2842 multa
340 2784 436 2843 modis
450 2784 546 2842 multis
560 2801 726 2842 convenere
740 2781 871 2856 undique
884 2781 1017 2852 adaucta,

236 2876 383 2933 consertae
398 2875 491 2934 nubes
505 2893 637 2932 umorem
651 2874 764 2930 mittere
779 2881 891 2930 certant

236 2965 408 3041 dupliciter;
429 2984 498 3023 nam
511 2965 554 3022 vis
567 2964 647 3022 venti
660 2962 808 3021 contrudit
821 2972 851 3021 et
865 2963 929 3038 ipsa
1087 2979 1136 3031 5¹⁰

236 3057 323 3132 copia
335 3057 501 3115 nimborum
514 3056 599 3114 turba
611 3055 721 3112 maiore
736 3063 840 3112 coacta

235 3157 326 3222 urget,
341 3146 379 3204 de
393 3165 499 3221 supero
513 3146 619 3220 premit
631 3164 667 3202 ae
681 3144 751 3202 iacit
765 3143 882 3201 effluere
897 3143 1004 3201 imbris·

234 3247 386 3312 praeterea
399 3255 468 3294 cum
481 3246 629 3294 rarescunt
643 3253 763 3310 quoqne
777 3234 877 3292 nubila
889 3234 982 3291 ventis

235 3338 285 3386 aut
298 3327 499 3398 dissolvuntur,
513 3327 581 3384 solis
594 3343 683 3401 super
693 3326 753 3382 icta
767 3324 872 3395 calore,

234 3419 353 3476 mittunt
365 3435 498 3475 umorem
511 3417 640 3491 pluvium
655 3416 828 3490 stillantque,
843 3414 924 3489 quasi
938 3413 999 3490 igni
1084 3428 1135 3486 515

234 3527 302 3566 cera
315 3525 402 3583 super
415 3506 510 3565 calido
523 3507 675 3566 tabescens
689 3507 781 3564 multa
793 3507 943 3581 liquescat.

668 3609 698 3661 13
