2792 4025
217 282 267 353 v.]
458 285 515 337 nu
541 282 687 336 RERUM
712 281 885 335 NATURA
1064 282 1126 348 159

217 449 350 517 tempore
365 461 418 501 cur
429 452 512 501 certo
524 452 653 518 nequeat
665 460 856 518 recreareque
870 443 978 516 lumen,

218 548 286 589 cum
301 533 367 605 loca
379 535 526 608 praeteriit
540 533 664 591 flammis
678 532 783 591 infesta
795 551 849 609 per
862 552 955 607 auras,
1078 540 1126 602 760

218 638 294 695 quae
307 623 418 681 faciunt
431 624 504 698 iguis
518 623 700 698 interstingui
713 633 801 698 atque
815 624 931 699 perire?

217 720 248 769 et
261 730 313 769 cur
326 721 401 770 terra
415 723 504 787 queat
517 713 617 771 lunam
630 713 756 788 spoliare
770 713 898 772 vicissim

216 800 327 859 lumine
341 812 370 860 et
384 821 557 878 oppressum
571 803 664 862 solem
677 822 767 878 super
779 804 843 879 ipsa
856 814 964 877 tenere,

217 902 366 950 menstrua
379 892 451 950 dum
464 892 571 968 rigidas
586 893 656 952 coni
670 894 829 968 perlabitur
841 896 958 952 umbras
970 916 979 967 ;

216 989 351 1057 tempore
364 982 473 1041 eodem
485 984 557 1041 aliut
568 993 697 1057 nequeat
711 1002 878 1042 succurrere
892 985 977 1043 lunae

217 1089 325 1147 corpus
338 1071 385 1130 vel
399 1090 486 1147 supra
498 1074 566 1131 solis
580 1074 724 1148 perlabier
736 1074 848 1147 orbem,

218 1161 301 1235 quod
313 1161 412 1220 radios
425 1163 616 1237 interrumpat
629 1164 788 1238 lumenque
802 1164 975 1240 profusum?

219 1259 249 1308 et
262 1260 362 1308 tamen
375 1252 440 1326 ipsa
453 1269 507 1309 suo
521 1252 546 1309 si
559 1253 649 1327 fulget
662 1254 733 1313 luna
745 1254 850 1326 nitore,

218 1359 271 1398 cur
283 1350 410 1415 nequeat
422 1350 503 1399 certa
515 1342 620 1400 mundi
633 1344 820 1419 languescere
834 1355 926 1421 parte,

219 1431 292 1490 dum
304 1432 371 1490 loca
383 1432 541 1492 luminibus
558 1436 683 1510 propriis
697 1436 816 1494 inimica
829 1454 882 1512 per
896 1437 977 1494 exit?
1079 1456 1127 1503 770

260 1521 350 1597 Quod
364 1532 507 1598 superest,
522 1525 663 1599 quoniam
677 1527 776 1602 magni
789 1545 843 1603 per
856 1528 971 1585 caerula
984 1525 1088 1585 mundi

219 1631 278 1688 qua
290 1613 352 1671 fieri
366 1613 507 1690 quicquid
521 1627 622 1691 posset
635 1618 747 1675 ratione
761 1618 876 1690 resolvi,

219 1704 287 1763 solis
300 1703 343 1762 uti
356 1704 451 1763 varios
465 1724 567 1765 cursus
581 1707 726 1783 lunaeque
739 1718 853 1767 meatus

218 1812 340 1852 noscere
354 1812 509 1870 possemus
524 1798 656 1872 quaevis
671 1807 702 1855 et
716 1816 804 1856 causa
817 1799 917 1871 cieret,
1079 1814 1125 1868 775

218 1903 314 1959 quove
328 1884 422 1943 modo
436 1898 558 1962 possent
571 1887 678 1947 offecto
692 1889 801 1946 lumine
816 1888 897 1946 obire

218 1984 249 2034 et
261 1992 359 2051 neque
374 1976 521 2052 opinantis
535 1978 662 2037 tenebris
676 1977 826 2037 obducere
840 1988 939 2050 terras,

219 2084 288 2123 cum
302 2067 385 2140 quasi
400 2068 538 2126 conivent
552 2078 582 2126 et
597 2078 699 2142 aperto
714 2069 823 2126 lumine
837 2087 950 2126 rursum

219 2156 319 2213 omnia
333 2157 488 2215 convisunt
501 2159 578 2215 clara
590 2157 657 2216 loca
670 2157 798 2216 candida
811 2159 886 2230 luce,

218 2265 298 2304 nunc
312 2245 405 2305 redeo
419 2247 458 2306 ad
472 2246 575 2306 mundi
589 2249 751 2307 novitatem
765 2258 795 2307 et
808 2249 906 2306 mollia
919 2257 1013 2306 terrae
1079 2255 1127 2316 780

219 2355 296 2409 arva,
310 2356 389 2396 nova
402 2338 463 2396 fetu
478 2337 549 2413 quid
564 2339 691 2413 primurn
705 2339 736 2396 in
750 2338 865 2397 luminis
880 2357 944 2397 oras

218 2427 320 2486 tollere
335 2437 366 2485 et
379 2428 496 2486 incertis
509 2428 616 2485 crerint
630 2429 813 2487 committere
827 2429 931 2488 ventis

261 2517 410 2593 Ptincipio
423 2536 517 2594 genus
530 2517 683 2583 herbarum
697 2518 880 2594 viridemque
894 2519 1020 2577 nitorem

219 2618 296 2666 terra
309 2607 393 2666 dedit
407 2609 519 2666 circum
530 2608 610 2666 collis
624 2613 805 2684 camposque
819 2627 872 2684 per
885 2608 991 2681 omnis,

220 2698 324 2756 florida
336 2699 477 2756 fulserunt
489 2697 624 2757 viridanti
637 2709 720 2774 prata
734 2699 842 2771 colore,
1079 2705 1125 2769 785

220 2788 431 2863 arboribusque
445 2787 575 2847 datumst
587 2789 672 2848 variis
686 2788 792 2848 exinde
807 2808 860 2865 per
874 2807 957 2848 auras

221 2878 374 2936 crescendi
388 2897 527 2954 magnum
541 2878 665 2938 inmissis
680 2889 829 2938 certamen
843 2880 974 2938 habenis.

220 2978 253 3026 ut
266 2969 366 3044 pluma
380 2979 468 3044 atque
481 2969 533 3045 pili
547 2969 673 3044 primum
686 2980 843 3046 saetaeque
859 2980 993 3028 creantur

221 3058 437 3133 quadripedum
450 3059 589 3118 membris
603 3070 633 3118 et
646 3078 769 3136 corpore
784 3061 1038 3136 pennipotentum,

221 3150 264 3206 sic
277 3167 355 3206 nova
368 3159 431 3207 tum
444 3150 526 3207 tellus
538 3149 645 3208 ¹herbas
658 3151 838 3226 virgultaque
852 3152 979 3226 primum
1079 3171 1128 3222 790

221 3239 344 3309 sustulit,
359 3238 429 3296 inde
443 3239 501 3297 loci
516 3241 647 3298 mortalia
661 3241 758 3298 saecla
771 3241 879 3298 creavit

222 3328 313 3386 multa
326 3327 422 3387 modis
436 3329 533 3387 multis
546 3331 624 3388 varia
636 3331 748 3388 ratione
764 3340 873 3389 coorta.

221 3437 292 3476 nam
306 3437 403 3494 neque
418 3417 456 3476 de
471 3420 552 3477 caelo
567 3420 710 3479 cecidisse
725 3421 859 3478 animalia
872 3429 996 3496 possunt

222 3527 279 3567 nec
293 3509 438 3568 terrestria
452 3508 490 3567 de
504 3510 584 3568 salsis
598 3511 691 3570 exisse
707 3510 826 3569 lacunis.
