2792 4025
287 276 328 338 88
621 286 854 341 LUCRETIUS
1118 285 1190 356 [III.

286 457 316 508 et
329 449 402 526 lapis
416 467 579 525 oppressus,
595 449 682 507 subiit
696 449 720 506 si
734 466 752 506 e
765 448 902 524 frugibus,
918 465 1010 524 asper.
1142 455 1193 520 ⁶90

287 559 376 615 quare
387 541 475 598 etiam
487 549 575 614 atque
587 539 674 597 etiam
686 557 784 613 neque
796 539 914 614 originis
925 557 989 597 esse
1000 538 1193 615 putandumst

286 631 413 706 expertis
427 631 537 688 animas
552 648 608 688 nec
622 629 671 687 leti
685 629 749 703 lege
764 629 881 687 solutas.

286 740 355 779 nam
368 739 466 795 neque
481 730 562 778 tanto
577 737 666 794 opere
681 718 801 777 adnecti
814 719 945 794 potuisse
960 718 1152 796 putandumst

286 811 458 886 corporibus
471 810 576 868 nostris
591 810 770 868 extrinsecus
784 810 951 879 insinuatas,

285 920 351 973 nec,
366 911 426 958 tam
440 911 596 960 contextae
611 919 680 958 cum
694 901 760 971 sint,
776 900 855 958 exire
869 900 1005 958 videntur
1142 908 1190 973 695

285 992 447 1050 incolumes
461 1010 548 1068 posse
563 1001 593 1049 et
606 991 698 1049 salvas
713 991 861 1048 exsolvere
876 1008 940 1048 sese

286 1083 421 1141 omnibus
436 1101 452 1140 e
467 1082 562 1140 nervis
576 1092 664 1155 atque
680 1081 793 1139 ossibus
808 1081 1002 1155 articulisque.

225 1201 229 1211 ¹
285 1172 368 1248 quod
382 1174 405 1231 si
419 1174 493 1231 forte
507 1183 593 1248 putas
607 1172 786 1230 extrinsecus
801 1171 977 1230 insinuatam

285 1282 455 1339 permanare
470 1265 597 1322 animam
612 1263 697 1320 nobis
712 1281 766 1337 per
779 1263 912 1320 membra
926 1263 1028 1335 solere,

284 1364 366 1413 tanto
381 1355 490 1430 quique
505 1354 598 1429 magis
611 1372 681 1411 cum
695 1371 818 1427 corpore
833 1353 897 1411 fusa
909 1354 1026 1428 peribit.
1143 1375 1192 1421 700

285 1444 367 1520 quod
381 1454 532 1520 permanat
546 1445 625 1502 enim
639 1443 813 1515 dissolvitur,
829 1444 926 1501 interit
939 1462 1018 1520 ergo.

285 1535 451 1611 dispertitus
466 1535 544 1592 enim
558 1553 612 1610 per
626 1535 723 1592 caulas
737 1535 868 1609 corporis
882 1535 978 1592 omnis

284 1636 317 1684 ut
331 1626 423 1697 cibus,
438 1626 468 1682 in
482 1626 615 1683 membra
628 1635 716 1699 atque
731 1635 808 1683 artus
823 1643 892 1683 cum
909 1623 1020 1684 diditur
1033 1626 1139 1698 omnis,

286 1715 406 1792 disperit
419 1726 506 1790 atque
521 1716 606 1773 aliam
620 1725 753 1773 naturam
768 1714 873 1773 sufficit
886 1733 924 1773 ex
938 1733 979 1787 se,

285 1807 327 1864 sic
342 1807 439 1864 anima
452 1816 540 1881 atque
555 1806 669 1864 animus
684 1806 816 1881 quamvis
832 1806 944 1881 integra
958 1823 1062 1865 recens
1077 1807 1107 1864 in
1142 1825 1188 1877 705

286 1915 391 1972 corpus
407 1906 486 1968 eunt,
501 1897 645 1954 tamenin
659 1895 807 1954 manando
823 1895 1029 1968 dissoluuntur,
1068 1916 1072 1923 ’

285 1987 357 2047 dum
372 1988 454 2063 quasi
468 2005 521 2063 per
535 1988 630 2047 caulas
646 1989 741 2047 omnis
755 1987 895 2047 diduntur
910 1988 940 2046 in
954 1998 1031 2047 artus

285 2080 441 2155 particulae
456 2079 562 2154 quibus
576 2079 650 2138 haec
665 2080 756 2137 animi
770 2090 873 2137 natura
887 2089 1009 2150 creatur,

285 2188 360 2245 quae
375 2171 498 2227 nuncin
512 2180 612 2228 nostro
628 2170 796 2228 dominatur
810 2189 933 2246 corpore
948 2180 1017 2228 nata

284 2279 322 2318 ex
335 2260 383 2318 illa
396 2279 472 2335 quae
486 2271 548 2318 tum
563 2262 649 2336 periit
664 2262 770 2336 partita
783 2279 836 2335 per
851 2271 936 2319 artus.

284 2361 463 2427 quapropter
476 2369 573 2426 neque
588 2351 675 2409 natali
690 2352 802 2426 privata
815 2350 931 2409 videtur

284 2460 348 2501 esse
363 2442 412 2500 die
425 2451 527 2499 natura
541 2442 655 2499 animae
671 2460 727 2500 nec
742 2442 850 2499 funeris
865 2460 978 2517 expers.

251 2553 255 2561 ¹
323 2533 441 2591 Semina
454 2541 605 2607 praeterea
619 2532 788 2607 linquontur
802 2551 897 2590 necne
912 2532 1020 2590 animai

285 2642 407 2698 corpore
423 2623 453 2680 in
467 2623 625 2680 exanimo?
647 2622 729 2697 quod
743 2624 766 2681 si
782 2622 927 2680 lincuntur
942 2633 972 2680 et
986 2624 1092 2694 insunt,

284 2714 354 2771 haut
368 2713 421 2771 erit
435 2722 467 2769 ut
482 2712 584 2770 merito
599 2696 759 2770 inmortalis
773 2714 865 2787 possit
878 2713 987 2785 haberi,
1143 2732 1188 2785 715

283 2803 412 2879 partibus
428 2801 539 2859 amissis
554 2802 694 2877 quoniam
710 2802 798 2860 libata
811 2804 939 2862 recessit.

284 2895 329 2951 sin
343 2894 383 2950 ita
396 2892 514 2951 sinceris
530 2893 667 2950 membris
683 2893 779 2950 ablata
791 2894 919 2968 profugit

284 2995 316 3041 ut
330 2984 422 3041 nullas
436 2982 525 3058 partis
539 2983 570 3039 in
585 3001 709 3057 corpore
726 2984 841 3058 liquerit
856 3003 893 3041 ex
906 3002 948 3055 se,

284 3073 363 3131 unde
379 3072 522 3132 cadavera
535 3074 667 3131 rancenti
680 3074 739 3131 iam
753 3075 863 3131 viscere
877 3092 990 3133 vermes

284 3164 416 3239 expirant
429 3173 517 3239 atque
532 3162 612 3221 unde
627 3164 808 3221 animantum
822 3166 908 3240 copia
922 3176 1002 3223 tanta
1143 3188 1191 3234 720

285 3273 355 3313 exos
370 3264 400 3313 et
413 3254 553 3329 exanguis
567 3254 696 3311 tumidos
712 3255 884 3329 perfluctuat
899 3258 997 3314 artus?

284 3338 366 3420 duod
380 3344 404 3403 si
419 3344 492 3401 forte
507 3346 620 3403 animas
636 3347 815 3403 extrinsecus
831 3347 967 3403 insinuari

284 3437 431 3495 vermibus
445 3445 474 3495 et
489 3436 583 3511 privas
598 3436 627 3493 in
642 3454 767 3510 corpora
780 3454 865 3510 posse
882 3439 979 3495 venire

285 3527 380 3586 credis
394 3546 450 3586 nec
465 3536 580 3605 reputas
595 3545 647 3585 cur
661 3527 740 3584 milia
754 3528 844 3585 multa
859 3528 1020 3586 animarum
