2792 4025
233 271 285 343 ν.]
475 269 531 324 nr:
556 269 702 323 uerunt
728 270 900 324 narona
1077 272 1132 337 151

233 430 316 507 quod
329 449 421 506 genus
434 430 465 489 in
479 430 564 490 nobis
578 429 726 505 quaedam
739 430 808 488 licet
821 430 851 489 in
865 432 990 490 statione

232 523 365 580 membra
379 539 507 592 manere,
522 531 622 579 tamen
636 539 705 579 cum
719 521 776 579 sint
790 539 826 579 ea
839 540 915 597 quae
930 531 1109 581 moveantur.

232 611 277 670 his
292 612 377 687 igitur
390 613 476 671 rebus
489 612 619 669 retractis
633 621 709 669 terra
721 622 852 688 repente,
1088 622 1137 683 480

232 721 369 761 maxuma
382 720 440 776 qua
453 720 532 759 nunc
546 720 579 759 se
592 702 675 777 ponti
689 702 774 777 plaga
787 702 903 761 caerula
915 702 1017 776 tendit,

232 792 359 851 succidit
372 802 402 850 et
416 793 490 851 salso
504 791 622 850 suffudit
635 793 746 867 gurgite
761 792 862 852 fossas.

232 882 322 958 inque
337 882 399 941 dies
414 892 524 958 quanto
538 883 649 941 circum
663 883 755 958 magis
769 883 894 942 aetheris
908 894 1005 944 aestus

232 983 263 1031 et
275 973 347 1031 radii
362 973 430 1032 solis
444 974 590 1049 cogebant
602 972 734 1048 undique
748 984 854 1031 terram

231 1064 399 1122 verberibus
413 1064 520 1122 crebris
535 1073 665 1121 extrema
677 1063 716 1122 ad
730 1064 831 1122 limina
843 1065 874 1123 in
888 1073 991 1137 artum,
1088 1072 1136 1137 485

231 1154 263 1212 in
276 1154 377 1212 medio
390 1163 422 1211 ut
436 1154 574 1229 propulsa
587 1172 641 1211 suo
654 1154 806 1212 condensa
819 1155 920 1227 coiret,

231 1253 292 1303 tarn
307 1245 398 1320 magis
413 1263 566 1320 expressus
580 1244 671 1303 salsus
684 1243 724 1304 de
738 1262 861 1319 corpore
876 1244 967 1303 sudor

230 1336 357 1411 augebat
371 1354 451 1393 mare
465 1334 614 1393 manando
628 1352 808 1410 camposque
823 1335 958 1407 natantis,

232 1435 262 1484 et
275 1435 356 1484 tanto
370 1426 462 1501 magis
476 1426 524 1484 illa
536 1426 612 1484 foras
626 1426 725 1484 elabsa
737 1425 874 1483 volabant

232 1533 357 1591 corpora
370 1517 461 1574 multa
474 1516 589 1592 vaporis
603 1525 633 1574 et
646 1516 719 1573 aens
733 1516 849 1590 altaque
864 1515 938 1573 caeli
1086 1536 1137 1587 490

232 1605 398 1665 densebant
411 1607 515 1681 procul
527 1625 546 1664 a
559 1606 640 1664 terris
655 1605 794 1681 fulgentia
808 1605 926 1681 templa.

232 1696 368 1755 sidebant
382 1697 489 1771 campi,
505 1697 675 1755 crescebant
688 1696 836 1754 montibus
850 1696 914 1754 altis

237 1805 396 1860 ascensus;
416 1804 514 1862 neque
529 1787 608 1844 enim
622 1796 758 1862 poterant
771 1785 922 1845 subsidere
936 1804 1006 1844 saxa

231 1895 288 1935 nec
302 1878 409 1952 pariter
422 1876 594 1935 tantundem
609 1894 713 1935 omnes
727 1877 918 1934 succumbere
933 1876 1030 1951 partis·

271 1968 319 2027 Sic
333 1968 418 2044 igitur
431 1977 524 2027 terrae
538 1977 679 2026 concreto
693 1985 817 2043 corpore
832 1964 950 2042 pondus
1090 1982 1137 2039 495

232 2059 362 2117 constitit
375 2069 464 2133 atque
478 2059 574 2118 omnis
587 2058 691 2116 mundi
706 2058 790 2132 quasi
803 2058 888 2116 limus
902 2057 932 2115 in
947 2057 1039 2116 imum

232 2149 372 2207 confluxit
384 2149 477 2224 gravis
491 2158 521 2207 et
534 2148 666 2207 subsedit
678 2148 808 2207 funditus
822 2157 855 2205 ut
868 2148 952 2219 laex3

231 2239 301 2297 inde
315 2257 395 2297 mare
409 2238 479 2298 inde
493 2239 543 2298 aer
555 2238 625 2296 iude
639 2238 740 2296 aether
753 2238 856 2314 ignifer
869 2238 933 2312 ipse

232 2329 403 2405 corporibus
416 2328 533 2404 liquidis
547 2338 615 2387 sunt
627 2329 729 2386 omnia
742 2346 815 2403 pura
828 2328 937 2399 relicta,

232 2429 263 2478 et
275 2419 383 2479 leviora
395 2419 457 2477 aliis
470 2419 534 2490 alia,
550 2428 580 2476 et
593 2418 800 2494 liquidissimus
815 2417 916 2476 aether
1091 2434 1141 2488 500

232 2520 320 2585 atque
333 2510 494 2568 levissimus
507 2509 599 2567 aerias
612 2526 701 2583 super
713 2509 807 2566 influit
819 2526 911 2578 auras,

231 2618 289 2658 nec
302 2600 445 2676 liquidum
459 2617 565 2674 corpus
579 2599 760 2657 turbantibus
774 2599 847 2656 aeris
862 2597 939 2656 auris

232 2690 424 2762 commiscet;
447 2690 515 2748 sinit
529 2689 603 2747 haec
615 2689 750 2747 violentis
764 2689 862 2747 omnia
874 2686 948 2747 verti

231 2780 402 2851 turbinibus,
417 2780 484 2839 sinit
498 2779 614 2838 incertis
628 2779 743 2837 turbare
757 2779 903 2854 procellis,

232 2871 295 2946 ipse
309 2888 377 2928 suos
391 2871 464 2944 ignis
478 2879 560 2928 certo
575 2870 629 2928 fert
642 2869 752 2944 impete
767 2869 875 2927 labens.
1090 2883 1138 2940 505

231 2979 299 3018 nam
314 2959 432 3019 modice
446 2960 534 3018 fluere
549 2970 637 3034 atque
650 2977 711 3018 uno
725 2977 812 3034 posse
827 2959 944 3016 aethera
958 2957 1023 3015 nisu

232 3050 375 3126 significat
389 3052 508 3122 Pontos,
524 3068 602 3108 mare
617 3060 699 3108 certo
713 3049 795 3124 quod
809 3049 870 3106 fluit
884 3058 966 3106 aestu
984 3037 987 3046 ¹

232 3158 324 3198 unum
337 3139 455 3199 labendi
469 3158 644 3198 conservans
658 3157 751 3214 usque
766 3130 925 3198 tenorem(

274 3227 422 3307 [Motibus
436 3239 578 3288 astrorum
593 3249 672 3287 nunc
687 3247 763 3304 quae
777 3229 814 3288 sit
828 3246 917 3287 causa
931 3245 1081 3286 canamus.

231 3321 375 3396 principio
389 3338 512 3396 magnus
526 3321 600 3378 caeli
614 3321 638 3378 si
652 3321 775 3380 vortitur
788 3321 875 3391 orbis
1090 3335 1139 3388 5¹0

232 3429 270 3469 ex
284 3423 405 3486 utraque
419 3410 524 3488 polum
539 3411 613 3486 parti
626 3429 758 3486 premere
774 3413 842 3470 aera
855 3409 940 3468 nobis

233 3502 394 3562 dicendum
408 3512 453 3560 est
466 3512 605 3580 extraque
620 3512 719 3560 tenere
734 3511 764 3560 et
778 3500 914 3559 claudere
929 3499 1095 3574 utrimque3
