2792 4025
221 287 290 358 v1.]
460 287 515 339 ua
546 287 693 340 neuun
719 286 894 340 NATURA
1069 288 1130 355 199

223 449 408 524 extruditque
422 449 508 507 simul
522 448 657 507 mirando
670 449 804 525 pondere
818 468 908 524 saxa;

222 559 260 597 ne
274 540 389 598 dubites
403 541 475 615 quin
489 540 562 597 haec
575 540 683 598 animai
695 539 813 599 turbida
826 544 863 599 sit
875 542 928 600 vis.

223 640 374 705 praeterea
386 649 493 706 magna
505 649 543 688 ex
557 632 631 705 parti
645 649 725 688 mare
740 631 847 689 montis
861 630 900 689 ad
915 632 978 691 eius

223 720 336 779 radices
350 721 453 795 frangit
466 721 570 779 fluctus
585 732 757 796 aestumque
770 723 910 781 resorbet.
1079 730 1128 797 695

223 828 261 868 ex
275 811 437 885 hocusque
452 812 524 868 mari
538 812 695 886 speluncae
710 813 818 871 montis
832 812 871 869 ad
885 813 957 873 altas

224 902 397 977 perveniunt
413 902 512 960 subter
525 902 632 959 fauces.
647 902 703 959 hac
717 903 758 959 ire
772 902 952 961 fatendumst

224 1092 254 1140 et
267 1092 420 1158 penetrare
435 1083 508 1141 mari
522 1083 637 1157 penitus
650 1101 697 1141 res
712 1083 791 1157 cogit
805 1092 908 1157 aperto

224 1183 313 1247 atque
328 1172 427 1229 efflare
441 1173 517 1230 foras
531 1173 659 1247 ideoque
673 1173 812 1230 extollere
827 1173 974 1231 flammam

224 1282 352 1337 saxaque
367 1263 529 1320 subiectare
544 1272 573 1320 et
587 1281 693 1321 arenae
707 1263 807 1320 tollere
821 1263 948 1320 nimbos.
1084 1282 1134 1331 700

224 1354 255 1411 in
268 1372 384 1411 summo
399 1363 467 1411 sunt
478 1354 587 1411 vertice
602 1354 680 1411 enim
689 1340 829 1424 crateres,
844 1363 877 1410 ut
889 1352 946 1427 ipsi

223 1445 418 1517 nominitaut3
439 1462 494 1501 nos
503 1442 591 1518 -quod
605 1446 703 1502 fauces
718 1444 904 1519 perhibemus
919 1452 948 1501 et
962 1462 1022 1501 ora.

207 1578 216 1585 -
264 1536 338 1594 Sunt
348 1534 460 1609 aliquot
470 1552 589 1610 quoque
603 1553 649 1591 res
664 1552 788 1609 quarum
800 1552 889 1591 unam
900 1532 999 1590 dicere
1012 1550 1133 1592 causam

224 1642 286 1683 non
300 1625 368 1683 satis
382 1634 435 1698 est,
452 1643 553 1682 verum
566 1625 665 1699 pluris,
680 1624 760 1682 unde
776 1642 835 1681 una
847 1632 947 1681 tamen
962 1624 1018 1699 siu

225 1733 332 1790 corpus
347 1725 379 1774 ut
392 1716 560 1773 exanimum
575 1714 681 1789 siquod
695 1714 798 1790 procul
812 1715 875 1788 ipse
889 1714 985 1771 iacere
1085 1730 1131 1783 705

225 1806 390 1880 conspicias
404 1806 540 1876 hominis,
554 1806 588 1863 fit
601 1816 633 1862 ut
647 1806 742 1863 omnis
758 1804 855 1862 dicere
871 1821 975 1862 causas

225 1898 381 1954 conveniat
394 1896 452 1968 leti,
468 1896 581 1953 dicatur
594 1905 626 1952 ut
640 1896 714 1953 illius
728 1913 795 1953 una.

225 2005 295 2047 nam
309 2005 406 2062 neque
421 2005 489 2045 cum
503 1987 578 2045 ferro
592 2004 648 2044 nec
663 1985 767 2060 frigore
781 1985 899 2042 vincere
913 1983 1008 2060 possis

226 2079 367 2136 interiisse
382 2095 479 2152 neque
493 2095 512 2134 a
525 2077 628 2134 morbo
642 2095 739 2150 neque
755 2076 828 2134 forte
842 2093 970 2147 venen0,

227 2187 327 2227 verum
342 2167 451 2242 aliquid
465 2186 572 2242 genere
587 2185 650 2224 esse
665 2185 702 2224 ex
716 2167 774 2224 hoc
790 2165 872 2241 quod
886 2165 1008 2239 contigit
1024 2164 1052 2222 ei
1087 2183 1136 2231 710

228 2260 348 2317 scimus,
363 2260 433 2316 item
447 2258 477 2315 in
491 2257 588 2315 multis
601 2257 659 2315 hoc
673 2257 760 2314 rebus
775 2256 873 2313 dicere
888 2255 1041 2313 habemus

270 2350 354 2408 Nilus
368 2350 399 2406 in
412 2358 553 2407 aestatem
567 2347 671 2405 crescit
684 2347 856 2421 campisque
871 2344 1026 2415 redundat,

229 2441 333 2497 unicus
347 2440 377 2497 in
391 2440 472 2498 terris
486 2438 612 2514 Aegypti
626 2438 715 2509 totius
729 2437 831 2496 amnis.

229 2531 253 2588 is
269 2532 341 2606 rigat
355 2533 521 2606 Aegyptum
536 2529 667 2586 medium
681 2547 735 2604 per
748 2544 837 2602 saepe
852 2527 990 2599 calorem,

229 2630 280 2681 aut
294 2622 362 2696 quia
376 2631 442 2678 sunt
456 2630 565 2678 aestate
579 2619 731 2694 aquilones
745 2618 820 2676 ostia
833 2627 944 2689 contra,
1084 2631 1135 2688 715

230 2712 298 2769 anni
313 2723 445 2786 tempore
460 2729 497 2768 eo
511 2711 561 2784 qui
576 2710 683 2767 etesiae
697 2727 762 2767 esse
777 2709 915 2779 feruntur,

231 2811 260 2860 et
274 2812 376 2860 contra
390 2802 507 2860 fluvium
522 2801 623 2858 flantes
637 2809 819 2858 remorantur
832 2807 862 2857 et
876 2797 970 2858 undas

230 2903 370 2968 cogentes
385 2910 481 2950 sursus
495 2892 608 2965 replent
621 2901 791 2965 coguntque
806 2907 933 2946 manere.

230 3002 299 3040 nam
314 2982 405 3042 dubio
420 2982 523 3057 procul
536 2981 610 3039 haec
624 2980 746 3038 adverso
762 2980 851 3038 flabra
865 2979 996 3038 feruntur

232 3074 359 3145 flumine,
375 3091 449 3147 quae
464 3072 565 3148 gelidis
580 3073 618 3129 ab
630 3071 718 3129 stellis
733 3072 793 3128 axis
808 3078 939 3145 aguntur.
1090 3087 1138 3134 720

232 3163 279 3221 ille
294 3183 330 3220 ex
344 3164 476 3221 aestifera
490 3162 564 3237 parti
577 3162 656 3219 venit
670 3162 763 3218 amnis
778 3161 815 3219 ab
830 3169 937 3232 austr0,

233 3255 307 3311 inter
320 3254 402 3328 nigra
414 3254 507 3310 virum
522 3262 662 3327 percocto
676 3252 771 3310 saecla
785 3251 884 3308 colore

233 3345 366 3403 exoriens
381 3345 497 3419 penitus
510 3343 609 3401 media
621 3343 659 3400 ab
673 3344 791 3417 regione
806 3341 875 3400 diei.

233 3446 278 3494 est
291 3453 410 3511 quoque
423 3435 466 3492 uti
479 3435 571 3509 possit
584 3451 707 3508 magnus
722 3441 877 3506 congestus
892 3431 1018 3488 harenae

233 3525 368 3586 fluctibus
382 3525 509 3584 adversis
524 3524 653 3600 oppilare
668 3523 743 3581 ostia
757 3532 867 3593 contra,
1091 3532 1137 3588 7²5
