2792 4025
266 271 327 333 204
598 266 831 321 Lucuurvus
1106 268 1172 343 [vr.

264 430 412 505 extemplo
426 429 542 504 penitus
555 429 681 503 frigescit
694 438 770 487 terra
782 429 911 504 coitque.
1123 440 1172 505 865

264 519 320 578 hac
334 520 445 577 ratione
459 520 492 577 lit
504 529 546 590 ut,
561 530 711 593 tamquam
725 536 893 594 compressa
908 538 996 579 manu
1012 522 1057 594 sit,

264 610 407 684 exprimat
422 610 451 667 iu
465 609 576 667 sontem
591 626 667 684 quae
681 610 794 667 semina
808 628 935 685 cumque
950 611 1041 669 habet
1055 613 1140 689 ignis,

264 718 340 775 quae
354 699 481 758 calidum
496 700 605 759 faciunt
618 702 712 775 aqiiae
726 709 836 757 tactum
851 712 938 777 atque
953 720 1114 779 saporem.-

263 792 333 850 inde
348 793 397 850 ubi
412 792 456 850 sol
469 791 556 850 radiis
569 801 675 850 terram
689 792 812 850 dimovit
826 794 946 853 obortus

264 893 294 940 et
307 883 440 940 raresecit
454 881 551 940 calido
564 882 705 958 gliscente
719 900 838 957 vapore,
1122 894 1173 953 870

263 992 359 1031 rursus
373 973 402 1029 in
415 973 549 1048 antiquas
562 972 687 1031 redeunt
700 972 860 1048 primordia
873 974 961 1035 sedes

263 1064 338 1138 ignis
352 1064 424 1121 etin
438 1072 544 1121 terram
558 1062 638 1121 cedit
651 1064 731 1121 calor
744 1064 841 1123 omnis
855 1066 951 1140 aquai.

263 1153 383 1228 frigidus
396 1153 473 1211 hanc
486 1154 526 1211 ob
539 1171 601 1210 rem
614 1154 648 1211 fit
661 1154 727 1211 lons
741 1154 772 1211 iu
785 1154 851 1213 luce
866 1155 979 1214 diurna„

262 1254 413 1321 praeterea
426 1245 494 1302 solis
507 1243 593 1301 radiis
608 1244 731 1301 iactatur
744 1245 831 1318 aquai

263 1353 349 1393 umor
363 1345 393 1392 et
407 1335 436 1392 iu
451 1334 547 1391 lucem
561 1334 686 1392 tremulo
700 1335 820 1393 rarescit
833 1335 870 1394 ab
884 1346 965 1394 aestu
978 1358 986 1409 ;
1121 1347 1170 1411 875

263 1436 419 1502 propterea
432 1426 464 1482 fit
479 1426 519 1482 uti
534 1442 609 1499 quae
624 1426 737 1483 semina
750 1444 878 1500 cumque
894 1427 981 1485 habet
996 1430 1069 1503 ignis

264 1516 409 1588 dimittat;
431 1515 514 1589 quasi
528 1533 617 1591 saepe
631 1516 739 1590 gelum,
754 1516 837 1591 quod
853 1518 985 1576 continet
1001 1520 1085 1592 inse,

263 1607 351 1665 mittit
362 1616 391 1664 et
405 1606 513 1663 exolvit
526 1606 650 1680 glaciem
663 1605 820 1681 nodosque
834 1608 952 1666 relaxat.

304 1697 437 1772 Frigidus
451 1706 496 1754 est
509 1697 597 1753 etiam
612 1696 686 1769 fons,
701 1714 788 1771 supra
802 1714 891 1771 quem
905 1698 959 1755 sita
974 1718 1061 1775 saepe

263 1798 370 1863 stuppa
383 1788 451 1845 iacit
465 1786 610 1844 flammam
624 1797 773 1861 concepto
788 1789 921 1863 protinus
937 1790 1006 1863 igni,
1121 1800 1170 1851 880

263 1877 409 1952 taedaque
423 1878 566 1935 consimili
582 1878 694 1935 ratione
709 1895 833 1935 accensa
847 1897 900 1953 per
913 1879 1008 1938 undas

263 1970 409 2042 conlucet,
426 1986 614 2044 quocumque
628 1978 732 2026 natans
747 1968 902 2044 impellitur
915 1972 1000 2031 auris

262 2061 398 2118 nimirum
412 2060 481 2135 quia
494 2070 561 2116 suut
575 2059 606 2116 in
620 2077 697 2133 aqua
711 2061 855 2135 permulta
867 2063 982 2136 vaporis

262 2151 374 2210 semina
388 2150 426 2208 de
441 2161 574 2224 terraque
588 2160 737 2207 necessest
751 2150 880 2208 funditus
895 2152 958 2227 ipsa

263 2243 336 2318 ignis
351 2260 475 2317 corpora
487 2259 541 2316 per
555 2251 649 2299 totum
663 2259 839 2317 consurgere
854 2243 963 2302 fontem
1120 2254 1168 2319 885

263 2344 293 2392 et
306 2334 391 2392 simul
404 2334 549 2408 exspirare
564 2332 640 2390 foras
654 2333 792 2406 exireque
807 2333 836 2390 in
851 2351 943 2405 auras,

262 2443 323 2482 non
338 2425 378 2482 ita
391 2424 480 2481 multa
493 2433 601 2492 tamen,
617 2422 729 2480 calidus
743 2433 830 2497 queat
844 2435 876 2481 ut
890 2426 950 2482 fieri
966 2426 1040 2499 fons,

263 2526 419 2592 propterea
433 2513 566 2589 dispersa
579 2513 655 2570 foras
670 2531 823 2588 erumpere
838 2516 916 2590 cogit

262 2607 304 2663 vis
318 2624 372 2681 per
384 2623 490 2680 aquam
504 2604 601 2662 subito
615 2622 787 2678 sursumque
803 2623 838 2662 ea
852 2606 1008 2664 conciliari.

262 2695 344 2772 quod
357 2713 450 2770 genus
464 2694 543 2752 endo
558 2696 656 2752 marist
670 2695 758 2752 Aradi
775 2696 848 2768 lons,
864 2695 957 2753 dulcis
971 2697 1057 2772 aquai
1119 2704 1169 2770 890

262 2787 312 2862 qui
326 2787 411 2844 scatit
425 2795 455 2843 et
469 2786 556 2844 salsas
570 2786 680 2842 circum
694 2803 727 2842 se
741 2784 873 2843 dimovet
886 2786 980 2844 undas
991 2806 1000 2859 ;

262 2887 292 2936 et
306 2877 403 2934 multis
416 2877 478 2934 aliis
492 2876 613 2951 praebet
626 2877 793 2951 regionibus
808 2894 919 2950 aequor

262 2968 413 3027 utilitatem
427 2976 623 3042 opportunam
638 2966 795 3024 sitientibu’
810 2968 915 3038 nautis

261 3058 344 3136 quod
358 3057 451 3115 dulcis
465 3058 540 3116 inter
552 3058 640 3115 salsas
654 3057 821 3114 intervomit
835 3057 938 3115 undas.

261 3150 303 3208 sic
317 3149 403 3224 igitur
415 3167 469 3225 per
482 3167 551 3207 eum
565 3156 688 3223 possunt
703 3165 856 3222 erumpere
870 3148 982 3205 sontem
1118 3156 1167 3223 895

262 3250 292 3299 et
305 3249 415 3298 scatere
430 3240 477 3297 illa
490 3240 577 3310 foras,
591 3239 621 3296 in
636 3248 774 3313 stuppam
788 3238 901 3296 semina
914 3256 989 3313 quae
1005 3256 1073 3296 cum

262 3331 441 3388 conveniunt
453 3339 504 3387 aut
516 3329 548 3387 in
561 3327 656 3386 taedai
671 3345 794 3402 corpore
809 3327 978 3398 adhaerent,

262 3419 418 3478 ardescunt
432 3419 516 3476 facile
530 3419 689 3491 extemp10‚
705 3419 878 3493 quiamulta
891 3436 1010 3493 quoque
1025 3419 1053 3476 in
1068 3437 1100 3477 se

262 3510 376 3569 semina
388 3508 499 3568 habeut
510 3507 585 3583 ignis
598 3519 722 3582 stuppae
737 3507 898 3583 taedaeque
912 3509 1036 3566 latentis.
