2792 4025
256 292 325 365 Vl.]
496 292 551 345 DE
577 292 725 346 RERUM
752 290 925 345 NATURA
1096 292 1156 341 211

171 502 172 505 ,
253 461 317 511 tum
331 451 415 510 color
428 461 458 510 et
475 452 564 510 sacies
577 452 730 509 hominum
744 450 851 512 distare
865 450 1001 510 videntur

253 542 369 618 largiter
382 551 412 601 et
425 543 520 601 morbi
533 543 693 616 generatim
707 542 803 599 saecla
817 551 926 600 tenere.
943 544 947 553 '

254 642 298 691 est
312 633 430 709 elephas
444 634 562 691 morbus
577 633 627 707 qui
640 642 761 707 propter
774 632 894 692 flumina
908 631 969 689 Nili

252 723 378 798 gignitur
387 725 521 798 Aegypto
532 724 562 781 in
573 722 671 780 media
680 741 778 797 neque
789 732 939 798 praeterea
949 740 1081 797 usquam.
1094 739 1156 794 1115

251 813 372 873 Atthide
387 822 564 888 temptantur
576 831 690 887 gressus
705 813 840 886 oculique
855 812 885 869 in
899 812 1024 872 Achaeis

252 902 368 961 finibus.
383 902 451 960 inde
467 904 528 960 aliis
542 904 614 960 alius
628 903 710 961 locus
725 912 769 960 est
782 903 917 961 inimicus

252 994 381 1068 partibus
396 1011 431 1050 ac
446 992 601 1051 membris:
622 993 716 1051 varius
731 993 889 1049 concinnat
903 992 934 1050 id
948 996 1006 1053 aer.

251 1082 377 1160 proinde
391 1084 441 1141 ubi
456 1101 488 1141 se
502 1083 617 1140 caelum
631 1082 713 1155 quod
727 1082 811 1140 nobis
826 1083 899 1139 sorte
913 1082 1042 1142 alienum

251 1183 421 1232 commovet
435 1183 523 1247 atque
537 1176 587 1232 aer
600 1172 735 1230 inimicus
750 1190 865 1247 serpere
881 1174 989 1248 coepit,
1093 1193 1156 1229 1120

251 1273 285 1321 ut
298 1264 406 1323 nebula
418 1282 454 1321 ae-
467 1264 560 1322 nubes
574 1263 713 1338 paulatim
726 1263 801 1338 repit
815 1271 845 1321 et
859 1280 947 1320 omne
1167 1258 1170 1262 ⁴

251 1371 311 1428 qua
323 1353 452 1428 graditur
465 1354 620 1411 conturbat
634 1362 663 1411 et
677 1353 830 1410 immutare
845 1360 980 1426 coactat3

250 1444 283 1502 fit
296 1461 415 1519 quoque
429 1452 469 1516 ut,
484 1444 515 1501 in
528 1452 659 1501 nostrum
673 1461 741 1500 cum
755 1443 834 1500 venit
848 1439 981 1517 denique
991 1442 1114 1515 caelum,

250 1543 417 1609 corrumpat
430 1533 594 1608 reddatque
609 1534 653 1591 sui
668 1533 761 1591 simile
776 1543 864 1607 atque
879 1533 1015 1591 alienum.
1037 1580 1040 1586 .

248 1623 323 1682 haec
338 1625 424 1699 igitur
436 1624 532 1683 subito
547 1623 646 1682 clades
660 1642 737 1681 nova
750 1624 950 1698 pestilitasque
1094 1640 1154 1695 1125

249 1724 300 1772 aut
313 1714 343 1772 in
356 1734 447 1789 aquas
460 1714 541 1772 cadit
554 1723 604 1771 aut
617 1715 715 1788 fruges
728 1713 849 1788 persidit
863 1714 893 1771 in
907 1714 985 1798 ipsas

248 1814 299 1862 aut
312 1805 384 1862 alios
398 1805 552 1863 hominum
565 1814 664 1880 pastus
678 1803 887 1880 pecudumque
903 1804 1025 1877 cibatus,

248 1904 299 1953 aut
316 1896 405 1953 etiam
418 1913 561 1970 suspensa
574 1904 673 1952 manet
686 1895 730 1953 vis
744 1898 810 1955 aere
824 1894 855 1951 in
869 1894 934 1969 ipso

249 1993 287 2058 et,
302 2003 371 2063 cum
384 1974 525 2060 spirantes
539 1986 643 2044 mixtas
657 1986 726 2043 hinc
740 1983 875 2044 ducimus
889 2001 983 2057 auras,

248 2075 297 2134 illa
310 2093 429 2150 quoque
444 2076 474 2133 in
488 2094 595 2150 corpus
608 2076 715 2149 pariter
729 2075 846 2134 sorbere
860 2083 1019 2134 necessest
1090 2093 1155 2146 1130

249 2166 393 2223 consimili
406 2166 518 2224 ratione
531 2166 610 2223 venit
623 2165 718 2223 bubus
734 2182 853 2240 quoque
867 2183 956 2240 saepe

249 2256 388 2332 pestilitas
402 2265 432 2313 et
446 2256 504 2313 iam
517 2255 605 2331 pigris
618 2255 782 2314 balantibus
796 2273 908 2330 aegror.

249 2363 307 2404 nec
320 2345 406 2403 refert
419 2355 515 2403 utrum
529 2364 584 2404 nos
598 2345 629 2403 in
642 2345 708 2402 loca
721 2344 910 2403 deveniamus

249 2436 335 2494 nobis
349 2434 469 2494 adversa
483 2445 513 2493 et
526 2435 600 2493 caeli
613 2444 760 2493 mutemus
774 2435 924 2510 amictum,

250 2545 289 2585 an
302 2527 416 2584 caelum
429 2526 515 2584 nobis
528 2527 603 2584 ultro
617 2535 721 2584 natura
734 2533 890 2601 coruptum
1093 2541 1154 2595 1135

250 2616 363 2674 deferat
376 2627 426 2675 aut
439 2614 549 2690 aliquid
563 2633 624 2690 quo
639 2634 700 2673 non
715 2615 920 2674 consuevimus
934 2614 986 2688 uti,

251 2707 334 2782 quod
347 2725 402 2764 nos
415 2706 543 2764 adventu
557 2706 649 2782 possit
662 2714 806 2781 temptare
819 2706 941 2764 recenti.

292 2801 379 2858 Haec
392 2799 466 2857 ratio
481 2799 630 2874 quondam
645 2799 815 2857 morborum
830 2807 860 2856 et
873 2797 1004 2856 mortifer
1017 2805 1113 2856 aestus

250 2889 358 2948 finibus
373 2889 404 2947 in
417 2889 559 2965 Cecropis
573 2890 704 2947 funestos
717 2887 847 2946 reddidit
860 2906 944 2963 agros

250 2980 430 3055 vastavitque
444 2980 514 3051 vias,
529 2979 662 3037 exhausit
677 2978 787 3036 civibus
802 2978 913 3037 urbem.
1094 2996 1157 3044 1140

250 3088 321 3128 nam
334 3070 451 3144 penitus
464 3070 585 3128 veniens
599 3069 726 3144 Aegypti
739 3069 844 3127 finibus
859 3077 946 3140 ortuS,

251 3161 321 3218 aera
333 3177 504 3236 permensus
519 3160 641 3218 multum
657 3175 837 3233 camposque
852 3158 987 3230 natantis,

251 3250 385 3309 incubuit
398 3249 519 3308 tandem
533 3250 645 3325 populo
660 3248 819 3306 Pandionis
833 3248 943 3319 omnei,

251 3339 322 3398 inde
337 3341 504 3398 catervatim
517 3341 622 3416 morbo
638 3340 781 3414 mortique
797 3337 949 3396 dabantur.

252 3430 398 3507 principio
412 3440 500 3506 caput
514 3427 666 3488 incensum
680 3429 792 3487 fervore
806 3428 948 3503 gerebant
1095 3441 1156 3497 1145

253 3530 284 3581 et
297 3521 422 3598 duplicis
435 3522 539 3580 oculos
553 3520 662 3580 suffusa
674 3521 740 3578 luce
753 3519 900 3578 mbentes.
