2792 4025
229 257 264 330 1.]
464 259 519 311 na
545 257 691 312 nanum
715 257 889 312 Narona
1090 259 1133 324 ²7

227 438 303 496 quae
317 437 386 478 cum
400 420 575 492 confluxere,
590 429 691 478 creant
705 418 843 478 incendia
855 419 941 479 silvis.

227 510 310 585 quod
324 511 348 569 si
362 511 439 568 sacta
451 511 525 568 soret
539 511 615 569 silvis
630 510 805 569 abscondita
819 510 944 583 flamma,

226 619 288 658 non
302 611 423 676 possent
437 601 526 659 ullum
541 611 657 676 tempus
671 602 792 659 celarier
806 602 899 676 ignes,
1083 619 1132 673 905

227 691 408 748 conficerent
421 691 507 766 volgo
522 691 615 761 silvas,
630 692 747 751 arbusta
761 700 934 750 cremarent.

227 780 323 838 iamne
337 779 420 842 vides
435 781 527 856 igitur,
543 781 631 856 paulo
645 781 728 856 quod
743 782 868 841 diximus
882 791 959 854 ante,

227 871 379 946 permagni
391 871 497 929 referre
512 871 616 929 eadem
631 873 791 947 primordia
805 891 893 948 saepe

227 980 295 1019 curn
309 961 415 1036 quibus
429 971 459 1020 et
473 963 552 1037 quali
565 963 696 1038 positura
711 965 916 1022 contineantur

227 1062 258 1110 et
271 1070 346 1127 quos
360 1052 435 1110 inter
448 1071 480 1110 se
494 1052 567 1111 dent
580 1064 677 1112 motus
692 1055 906 1130 accipiantque,
1084 1073 1135 1125 9¹0

227 1152 315 1217 atque
330 1142 437 1202 eadem
450 1143 539 1219 paulo
554 1144 629 1203 inter
642 1163 673 1203 se
689 1155 800 1203 mutata
814 1161 911 1202 creare

227 1233 310 1308 ignes
324 1244 355 1291 et
367 1233 501 1309 lignum?
520 1252 581 1310 quo
596 1245 684 1312 pacto
700 1236 788 1293 verba
801 1251 920 1310 quoque
935 1234 998 1309 ipsa

227 1324 302 1381 inter
315 1342 347 1381 se
361 1324 450 1400 paulo
464 1327 582 1384 mutatis
596 1336 663 1384 sunt
677 1326 838 1397 elementis,

227 1433 296 1472 cum
309 1414 389 1490 ligna
402 1426 489 1491 atque
502 1417 584 1492 ignes
598 1416 736 1475 distincta
750 1435 824 1475 voce
838 1426 984 1474 notemus.

227 1504 356 1580 denique
371 1507 430 1565 iam
443 1525 648 1583 quaecumque
659 1508 688 1564 in
703 1508 789 1565 rebus
804 1508 898 1565 cernis
912 1506 1018 1582 apertis
1086 1527 1115 1578 9¹
1119 1523 1133 1577 5

227 1596 252 1653 si
265 1596 327 1654 fieri
341 1615 403 1655 non
417 1616 504 1673 posse
518 1608 612 1673 putas,
629 1598 701 1672 quin
715 1598 845 1655 materiai

227 1704 352 1761 corpora
366 1688 510 1746 consimili
524 1698 625 1746 natura
638 1687 772 1764 praedita
784 1688 885 1764 lingas,

228 1775 283 1834 hac
297 1778 409 1835 ratione
424 1778 477 1836 tibi
490 1789 615 1853 pereunt
627 1776 788 1854 primordia
801 1797 916 1838 rerum:

227 1867 279 1925 fiet
293 1868 336 1925 uti
348 1869 405 1925 risu
420 1870 543 1927 tremulo
558 1888 704 1927 concussa
718 1869 896 1928 cachinnent

220 1968 259 2025 ,et
270 1957 395 2017 lacrimis
409 1959 490 2018 salsis
504 1970 655 2019 umectent
669 1979 721 2019 ora
734 1977 893 2037 genasque.
1086 1980 1136 2032 930

77 2074 121 2109 zu·
135 2058 137 2072 '
159 2092 165 2099 -
188 2080 198 2091 -
220 2058 244 2100 b
270 2050 358 2107 Nunc
372 2068 426 2125 age
441 2050 523 2125 quod
537 2062 669 2127 superest
683 2070 832 2127 cognosce
846 2061 877 2110 et
890 2051 992 2109 clarius
1006 2051 1085 2110 audi.

227 2157 285 2197 nec
299 2158 347 2197 me
362 2141 451 2199 animi
465 2142 536 2200 fallit
550 2161 638 2218 quam
654 2143 711 2201 sint
726 2143 870 2215 obscura3
891 2141 944 2200 sed
958 2142 1016 2200 acri

230 2226 372 2306 percussit
386 2230 485 2306 thyrso
500 2232 593 2291 laudis
608 2252 674 2309 spes
690 2251 799 2309 magna
812 2250 910 2290 meum
926 2250 977 2289 cor

229 2330 259 2378 et
272 2320 357 2378 simul
370 2321 491 2381 incussit
506 2342 626 2381 suavem
641 2325 681 2381 mi
696 2325 726 2381 in
741 2333 845 2398 pectus
859 2340 989 2380 amorem

188 2431 194 2451 ‹
229 2428 386 2481 musarum,
401 2429 461 2486 quo
476 2432 555 2471 nunc
570 2414 723 2472 instinctus
738 2423 837 2471 mente
851 2412 958 2488 vigenti
1087 2432 1134 2485 9²5

229 2504 294 2562 avia
309 2501 455 2562 Pieridum
470 2522 591 2580 peragro
607 2506 673 2562 loca
686 2504 792 2562 nullius
805 2514 874 2562 ante

229 2596 295 2654 trita
308 2594 380 2654 sol0.
397 2596 475 2653 iuvat
489 2596 615 2670 integros
629 2595 773 2653 accedere
788 2596 875 2653 sontis

229 2697 318 2763 atque
333 2687 454 2755 haurire,
470 2686 605 2760 iuvatque
620 2704 713 2744 novos
727 2685 886 2761 decerpere
900 2686 985 2743 flores

230 2778 432 2854 insignemque
447 2795 515 2834 meo
529 2777 618 2851 capiti
632 2788 733 2852 petere
747 2777 816 2835 inde
831 2796 971 2835 coronam

228 2868 308 2927 unde
323 2869 402 2944 prius
415 2867 484 2924 nulli
499 2866 619 2925 velarint
634 2878 769 2943 tempora
781 2886 881 2925 musae
893 2889 902 2940 3
1088 2887 1137 2939 930

228 2961 355 3036 primum
370 2957 452 3033 quod
466 2957 578 3032 magnis
593 2957 688 3015 doceo
704 2958 742 3016 de
757 2958 843 3016 rebus
857 2968 887 3015 et
900 2959 968 3016 artis

230 3050 404 3125 religionum
419 3049 549 3106 animum
563 3048 650 3105 nodis
664 3048 813 3106 exsolvere
827 3065 928 3123 pergo,

229 3138 339 3197 deinde
353 3138 436 3215 quod
450 3139 574 3197 obscura
587 3138 625 3196 de
640 3157 672 3196 re
686 3148 746 3196 tam
760 3138 858 3196 lucida
871 3156 969 3214 pango

230 3231 367 3301 carmina,
382 3247 503 3288 musaeo
518 3229 692 3304 contingens
706 3239 813 3286 cuncta
826 3230 935 3304 lepore.

229 3318 262 3377 id
275 3338 395 3395 quoque
410 3321 489 3377 enim
503 3338 565 3377 non
579 3320 616 3377 ab
630 3319 709 3376 nulla
721 3320 833 3377 ratione
848 3319 982 3393 videtur;
1087 3338 1134 3391 935

230 3408 284 3468 sed
297 3410 386 3469 veluti
400 3410 497 3485 pueris
512 3410 656 3469 absinthia
669 3419 761 3466 taetra
774 3408 929 3468 medentes

230 3519 299 3558 cum
314 3500 384 3559 dare
399 3510 550 3572 conantur,
565 3500 643 3575 prius
657 3518 722 3558 oras
736 3500 844 3575 pocula
857 3501 968 3558 circum
