2792 4025
270 246 307 303 12·
606 254 839 309 nuenarius
1132 256 1172 327 [1.

264 415 295 473 ni
309 414 434 489 spatium
448 412 584 473 dederint
596 415 718 474 latices?
738 415 903 475 concedere
918 434 1006 492 porro

264 523 324 579 qno
338 514 475 579 poterunt
489 503 596 577 undae,
611 524 680 563 cum
693 507 790 580 pisces
804 507 845 563 ire
859 508 1045 581 nequibunt?
1123 515 1173 578 380

263 605 313 653 aut
327 595 412 671 igitur
425 604 507 652 motu
521 594 723 669 privandumst
737 615 869 670 corpora
876 615 1011 671 quaeque

263 695 313 743 aut
327 704 391 743 esse
405 685 567 742 admixtum
581 679 771 743 dicundumst
785 687 871 743 rebus
885 687 971 745 inane

263 774 344 833 unde
359 776 461 832 initum
474 775 602 849 primum
616 777 714 850 capiat
726 794 772 833 res
787 794 922 850 quaeque
936 777 1085 837 movendi.

263 876 413 941 postremo
428 865 488 922 duo
502 864 541 923 de
556 883 700 923 concursu
714 885 839 940 corpora
851 867 909 924 lata

263 956 288 1014 si
301 956 360 1014 cita
373 955 522 1027 dissiliant,
536 973 644 1031 nempe
659 957 709 1014 aer
722 975 811 1015 omne
825 967 983 1031 necessest,
1122 967 1154 1029 38
1156 977 1170 1029 5

263 1047 339 1104 inter
352 1064 475 1121 corpora
489 1045 571 1120 quod
584 1047 643 1119 fiat,
658 1045 790 1122 possidat
803 1048 899 1107 inane.

263 1136 287 1194 is
300 1155 388 1211 porro
404 1135 536 1211 quamvis
550 1138 661 1195 circum
675 1138 868 1196 celerantibus
882 1139 958 1196 auris

263 1226 400 1299 confluat,
414 1225 494 1285 haud
508 1228 616 1301 poterit
629 1238 730 1285 tamen
743 1246 804 1286 uno
818 1237 951 1303 tempore
962 1238 1056 1286 totum

263 1318 403 1392 compleri
417 1321 562 1393 spatium;
584 1337 653 1376 nam
667 1320 795 1392 primum
809 1336 958 1392 quemque
972 1329 1121 1378 necessest

262 1418 390 1483 occupet
403 1410 449 1466 ille
464 1411 573 1481 locum,
584 1408 693 1466 deinde
708 1409 808 1466 omnia
821 1408 1034 1483 possideantur.
1121 1430 1170 1482 390

262 1498 344 1574 quod
358 1499 382 1557 si
395 1500 468 1557 forte
483 1500 594 1574 aliquis,
609 1516 678 1557 cum
692 1516 816 1572 corpora
830 1497 989 1570 dissiluere,

262 1597 325 1645 tum
338 1597 422 1663 putat
435 1589 467 1647 id
481 1590 544 1646 fieri
558 1588 627 1663 quia
641 1606 671 1645 se
687 1587 867 1645 condenseat
880 1589 939 1659 aer,

262 1690 336 1738 errat
348 1701 356 1753 ;
377 1700 447 1739 nam
460 1700 586 1739 vacuum
600 1690 663 1738 tum
677 1680 711 1738 fit
724 1678 805 1754 quod
818 1698 881 1739 non
894 1680 948 1738 fuit
961 1690 1029 1739 ante

261 1779 292 1829 et
305 1772 432 1846 repletur
445 1772 516 1830 item
529 1789 654 1829 vacuum
668 1769 750 1844 quod
764 1771 894 1828 constitit
907 1781 985 1844 ante,

260 1880 317 1919 nec
332 1862 381 1919 tali
394 1862 505 1919 ratione
520 1870 618 1937 potest
632 1860 781 1918 denserier
793 1861 852 1932 aer,
1119 1880 1167 1934 395

260 1970 326 2025 nec,
342 1952 366 2010 si
379 1952 438 2011 iam
451 1962 560 2028 posset,
575 1952 638 2010 sine
652 1951 731 2009 inani
745 1960 853 2027 posset,
868 1952 983 2028 opinor,

261 2046 323 2122 ipse
338 2047 368 2104 in
382 2065 413 2104 se
428 2047 540 2104 trahere
555 2056 584 2104 et
598 2046 686 2120 partis
701 2045 868 2104 conducere
882 2051 913 2104 in
926 2066 1026 2105 unum.
1104 2116 1112 2124 ,

301 2137 496 2211 Quapropter,
512 2136 644 2210 quamvis
658 2135 809 2194 causando
824 2137 916 2194 multa
929 2138 1057 2209 moreris,
1107 2147 1112 2153 ‘

260 2245 325 2285 esse
340 2227 370 2284 in
384 2229 470 2286 rebus
484 2227 570 2284 inane
585 2235 684 2284 tamen
697 2227 804 2284 fateare
818 2238 976 2285 necessest.

260 2318 409 2392 multaque
424 2327 573 2392 praeterea
586 2317 638 2374 tibi
653 2335 774 2391 possum
786 2316 1048 2375 commemorando
1117 2337 1168 2385 400

260 2417 430 2483 argumenta
443 2406 534 2465 fidem
548 2407 633 2465 dictis
648 2405 809 2484 conradere
822 2407 937 2464 nostris

259 2516 361 2556 verum
375 2497 472 2555 animo
487 2498 553 2555 satis
568 2497 642 2555 haec
655 2496 777 2572 vestigia
789 2515 878 2571 parva
891 2497 987 2570 sagaci

260 2597 327 2646 sunt
340 2606 394 2662 per
407 2607 482 2663 quae
496 2589 589 2662 possis
605 2605 786 2662 cognoscere
801 2597 899 2644 cetera
912 2596 982 2645 tute.

259 2696 387 2752 namque
402 2697 490 2736 canes
503 2687 536 2736 ut
550 2678 734 2752 montivagae
748 2695 889 2752 persaepe
904 2677 973 2758 seg-ai

259 2769 376 2828 naribus
389 2769 541 2827 inveniunt
555 2769 678 2826 intectas
692 2767 797 2826 fronde
811 2767 933 2842 quietes,
1117 2787 1165 2839 405

260 2879 328 2918 cum
342 2860 433 2917 semel
446 2860 610 2917 institerunt
623 2859 744 2934 vestigia
757 2868 837 2915 certa
849 2858 914 2930 viai,

260 2951 302 3008 sic
316 2949 374 3008 alid
388 2969 425 3008 ex
439 2950 495 3007 alio
509 2968 563 3025 per
575 2958 605 3008 te
619 2959 681 3007 tute
696 2949 759 3024 ipse
773 2947 872 3006 videre

212 3044 214 3048 ’
259 3040 363 3099 talibus
377 3041 507 3098 inrebns
521 3040 630 3115 poteris
645 3057 808 3112 caecasque
822 3038 945 3097 latebras

259 3130 404 3188 insinuare
420 3132 515 3189 omnis
530 3139 559 3189 et
572 3149 673 3189 verum
687 3129 856 3204 protrahere
871 3128 951 3188 inde.

259 3220 342 3296 quod
356 3221 380 3279 si
394 3221 513 3296 pigraris
527 3220 682 3295 paulumve
696 3220 848 3277 recesseris
862 3220 900 3276 ab
913 3237 952 3289 re,
1115 3241 1165 3289 410

259 3310 318 3369 hoc
331 3311 384 3370 tibi
398 3311 437 3368 de
451 3311 539 3386 plano
552 3329 673 3385 possum
686 3299 865 3384 promittere,
881 3309 1022 3368 Memmi:

259 3418 353 3475 usque
367 3400 444 3458 adeo
458 3401 551 3476 largos
565 3401 684 3458 haustus
699 3418 716 3457 e
730 3400 852 3458 fontibu'
867 3401 979 3475 magnis

259 3489 357 3567 lingua
370 3509 438 3550 meo
453 3491 547 3550 suavis
561 3491 614 3549 diti
628 3490 666 3550 de
680 3499 800 3566 pectore
814 3490 925 3562 fundet,
