2792 4025
240 272 296 344 ll.]
476 275 532 327 DE
558 275 706 328 RERUM
733 275 906 329 NATURA
1102 278 1143 344 59

237 443 353 506 cetera3
375 451 450 508 quae
465 452 533 492 cum
548 434 588 492 ita
601 445 668 493 sunt
681 444 782 493 tamen
795 445 828 493 ut
840 436 974 494 mortalia
985 446 1132 509 constent,

237 525 317 582 molli
330 524 417 595 lenta,
432 525 545 600 fragosa
558 526 643 600 putri,
658 543 731 583 cava
744 544 868 601 corpore
882 545 957 599 ram,
1093 535 1142 587 860

237 614 338 672 omnia
350 614 408 672 sint
421 633 438 672 a
452 616 601 690 principiis
616 617 749 674 seiuncta
761 627 921 689 necessest,

237 705 401 762 inmortalia
414 705 438 762 si
452 706 585 763 volumus
599 707 774 782 subiungere
788 707 875 765 rebus

236 794 427 853 fundamenta
441 796 545 870 quibus
561 797 666 854 nitatur
680 815 796 855 summa
809 799 927 871 salutis;

236 903 275 944 ne
289 885 342 943 tibi
355 904 401 944 res
414 885 534 944 redeant
549 885 588 944 ad
602 887 693 945 nilum
708 887 838 946 funditus
851 907 964 948 omnes.

278 976 368 1033 Nunc
383 995 419 1033 ea
432 995 507 1051 quae
522 977 628 1034 sentire
639 977 774 1036 videmus
787 997 916 1055 cumque
930 990 1080 1039 necessest
1092 987 1140 1053 865

237 1084 274 1124 ex
288 1067 470 1125 insensilibus
485 1076 584 1124 tamen
598 1068 698 1126 onmia
713 1069 870 1127 confiteare

236 1157 386 1232 principiis
400 1167 542 1215 constare.
564 1176 660 1233 neque
675 1159 707 1217 id
721 1161 884 1217 manufesta
897 1161 1022 1218 refutant

236 1265 293 1304 nec
307 1257 410 1304 contra
424 1258 564 1323 pugnant,
579 1250 610 1307 in
624 1260 763 1324 promptu
778 1251 895 1324 cognita
908 1269 984 1325 quae
998 1260 1074 1324 sunt,
1175 1291 1192 1318 .

237 1337 291 1396 sed
305 1339 396 1412 magis
411 1339 476 1414 ipsa
489 1357 577 1397 manu
593 1339 706 1397 ducunt
720 1349 750 1397 et
763 1339 883 1397 credere
898 1351 1008 1416 cogunt

237 1446 275 1486 ex
284 1429 476 1501 insensilibus,
492 1429 573 1504 quod
588 1429 666 1501 dico,
681 1431 817 1487 animalia
829 1431 917 1506 gigni.
1093 1439 1142 1499 870

237 1519 348 1594 quippe
361 1519 460 1577 videre
475 1520 543 1578 licet
557 1520 637 1578 vivos
651 1521 774 1578 existere
788 1539 902 1579 vermes

237 1619 364 1668 stercore
379 1610 418 1668 de
432 1620 533 1680 taetm,
549 1619 683 1685 putorem
699 1630 768 1668 cum
783 1612 837 1669 sibi
851 1621 938 1670 nacta
951 1621 995 1671 est

236 1700 448 1776 intempestivis
462 1720 499 1758 ex
513 1702 652 1760 imbribus
667 1701 769 1759 umida
782 1702 885 1775 tellus;

236 1802 387 1868 praeterea
401 1801 520 1848 cunctas
535 1791 636 1849 itidem
650 1810 696 1850 res
710 1802 822 1849 vertere
837 1810 911 1851 sese.

236 1892 352 1940 vertunt
365 1900 397 1940 se
410 1882 489 1940 fluvii
502 1881 620 1940 frondes
635 1892 665 1939 et
678 1883 785 1957 pabula
798 1883 875 1940 laeta
1094 1891 1141 1954 875

237 1974 268 2033 in
282 1971 423 2050 pecudes
437 1982 553 2031 vertunt
566 1973 698 2048 pecudes
712 1973 743 2031 in
757 1992 881 2049 corpora
894 1983 993 2033 nostra

227 2068 378 2135 naturam,
394 2074 424 2123 et
437 2074 537 2123 nostro
551 2063 590 2122 de
605 2083 729 2139 corpore
744 2082 832 2140 saepe
840 2065 971 2123 terarum

238 2164 399 2231 augescunt
411 2155 486 2213 vires
500 2164 530 2213 et
544 2173 669 2230 corpora
681 2156 937 2230 pennipotentum.

238 2264 307 2321 ergo
322 2264 425 2304 omnes
439 2255 542 2303 natura
555 2246 638 2304 cibos
652 2246 683 2302 in
698 2263 822 2320 corpora
834 2246 899 2303 viva

149 2378 152 2387 ‚
236 2337 321 2394 vertit
335 2346 364 2394 et
378 2336 447 2393 hinc
460 2354 563 2395 sensus
576 2336 759 2393 animantum
772 2344 908 2409 procreat
921 2353 1034 2407 omnes,
1095 2343 1144 2394 880

237 2445 298 2485 non
312 2427 368 2484 alia
380 2426 468 2501 longe
481 2427 593 2484 ratione
608 2425 706 2501 adque
720 2424 802 2483 arida
814 2425 892 2501 ligna

238 2517 364 2592 explicat
377 2517 408 2574 in
421 2517 554 2575 flammas
568 2526 598 2574 et
611 2516 643 2574 in
656 2516 731 2592 ignis
745 2516 847 2575 omnia
858 2523 962 2573 versat.

237 2608 334 2666 iamne
348 2606 430 2666 vides
444 2608 530 2682 igitur
542 2607 641 2683 magni
653 2606 813 2682 primordia
826 2625 923 2663 rerum

237 2698 342 2755 referre
356 2698 388 2755 in
401 2698 480 2772 quali
493 2698 551 2755 sint
564 2696 668 2755 ordine
682 2715 818 2772 quaeque
832 2696 928 2755 locata

238 2797 268 2847 et
281 2788 440 2846 commixta
454 2788 559 2863 quibus
573 2786 645 2846 dent
658 2797 757 2847 motus
770 2788 998 2863 accipiantque?
1095 2795 1143 2857 885

276 2880 354 2936 Tum
367 2896 456 2954 porro
470 2877 542 2953 quid
555 2877 587 2936 id
602 2888 655 2950 est,
666 2879 797 2936 animum
806 2877 889 2953 quod
902 2877 1037 2952 percutit,
1048 2877 1144 2951 ipsum

237 2966 320 3043 quod
333 2978 433 3027 movet
447 2978 478 3026 et
490 2969 585 3027 varios
599 2987 703 3026 sensus
717 2986 891 3044 expromere
906 2967 994 3042 cogit,

238 3076 275 3116 ex
288 3058 471 3117 insensilibus
484 3077 523 3116 ne
538 3059 641 3117 credas
656 3058 762 3117 seiisile
775 3059 877 3134 gigni?

237 3148 374 3206 nimirum
387 3148 501 3224 lapides
514 3158 544 3207 et
557 3150 636 3225 ligna
648 3160 679 3208 et
692 3160 768 3207 terra
781 3148 864 3225 quod
876 3166 937 3206 una

238 3238 329 3296 mixta
340 3248 441 3297 tamen
453 3249 605 3314 nequeunt
617 3240 735 3297 vitalem
748 3239 873 3297 reddere
887 3256 1015 3297 sensum.
1095 3247 1143 3310 890

236 3327 309 3387 illud
321 3329 353 3387 in
366 3329 411 3387 his
424 3329 509 3405 igitur
521 3330 608 3388 rebus
621 3331 790 3388 meminisse
805 3329 932 3399 decebit,

237 3437 299 3477 non
312 3438 350 3477 ex
363 3420 499 3479 omnibus
513 3421 643 3492 omnino,
658 3438 865 3496 quaecumque
881 3428 981 3476 creant
994 3437 1049 3491 res,

238 3510 342 3569 sensile
356 3519 387 3569 et
399 3511 548 3587 extemplo
561 3530 608 3569 me
624 3511 705 3587 gigni
718 3510 817 3570 dicere
831 3528 942 3580 sensus,
