2792 4025
260 286 305 350 44
602 283 834 337 nuenarius
1107 283 1164 354 [11.

261 443 315 503 sed
328 445 396 520 quia
410 463 470 502 non
483 445 570 520 volgo
585 445 665 520 paria
678 446 814 503 omnibus
828 445 928 503 omnia
941 454 1086 504 constant.

260 553 318 593 nec
332 536 456 606 mirum;
478 553 545 592 nam
561 554 630 592 cum
645 536 681 592 sit
695 554 797 592 eorum
811 536 899 609 copia
911 545 993 593 tanta

259 636 293 684 ut
306 643 403 700 neque
418 625 493 696 finis,
508 626 550 684 uti
563 624 662 697 docui,
677 644 774 700 neque
788 644 903 684 summa
916 626 952 683 sit
967 626 1032 697 ulla,

260 715 371 776 debent
385 716 522 773 nimirum
537 734 597 773 non
611 716 748 774 omnibus
762 717 860 773 omnia
874 733 1008 791 prorsum
1117 735 1167 786 340

261 825 325 865 esse
339 807 401 881 pari
415 807 464 863 filo
479 806 623 881 similique
638 807 754 864 adfecta
766 808 868 881 figura.

260 907 375 972 praeter
389 906 436 954 eat
449 915 542 971 genus
556 896 718 954 humanum
732 906 889 971 mutaeque
903 905 1037 955 natantes

261 987 476 1062 squamigerum
490 987 622 1062 pecudes
637 997 666 1045 et
680 987 756 1045 laeta
769 996 901 1044 amrenta
914 988 1051 1063 feraeque

261 1087 292 1136 et
304 1078 400 1135 variae
413 1078 555 1150 volucreS,
570 1078 707 1136 laetantia
721 1095 796 1153 quae
810 1077 876 1134 loca
889 1070 1030 1152 aquarum

261 1169 469 1226 concelebrant
482 1169 593 1225 circum
607 1169 684 1244 ripas
698 1168 845 1242 fontisque
860 1168 1009 1242 lacusque,
1117 1184 1164 1238 345

262 1268 291 1316 et
305 1277 381 1333 quae
395 1259 565 1334 pervolgant
579 1277 700 1316 nemora
714 1259 778 1316 avia
791 1258 1017 1334 pervolitantes3

262 1367 386 1424 quorum
400 1367 492 1406 unum
506 1348 620 1424 quidvis
634 1349 794 1423 generatim
808 1367 923 1407 sumere
936 1367 1035 1425 perge,

261 1440 391 1498 invenies
405 1449 504 1497 tamen
519 1440 594 1498 inter
607 1457 639 1498 se
654 1438 769 1497 differre
783 1439 889 1514 figuris.

261 1548 319 1588 nec
332 1531 444 1588 ratione
459 1530 515 1587 alia
528 1530 625 1604 proles
640 1547 819 1605 cognoscere
834 1539 957 1587 matrem

261 1638 318 1678 nec
333 1630 427 1678 mater
440 1629 538 1699 posset
552 1619 664 1694 prolem
676 1640 685 1692 ;
706 1618 788 1695 quod
801 1637 889 1694 posse
902 1619 1038 1679 videmus
1117 1638 1166 1691 330

262 1729 319 1768 nec
333 1711 428 1768 minus
443 1718 531 1785 atque
546 1710 680 1768 homines
694 1709 769 1767 inter
782 1728 813 1767 se
827 1720 898 1768 nota
912 1711 1018 1769 cluere.

261 1818 330 1858 nam
345 1818 433 1874 saepe
447 1809 514 1858 ante
529 1799 618 1858 deum
632 1801 738 1858 vitulus
752 1800 873 1858 delubra
887 1800 995 1859 decora

262 1891 430 1949 turicremas
444 1900 564 1966 propter
577 1900 720 1949 mactatus
735 1890 867 1949 concidit
879 1910 942 1949 aras

262 1981 409 2057 sanguinis
424 1982 557 2056 expirans
571 1980 701 2041 calidum
714 1981 753 2040 de
767 1992 887 2057 pectore
901 1983 1029 2056 flumen;

262 2081 292 2130 at
306 2081 399 2129 mater
411 2071 509 2130 viridis
524 2074 611 2132 saltus
626 2074 728 2131 orbata
741 2091 897 2148 peragrans
1117 2092 1147 2145 35
1151 2090 1165 2145 5

261 2163 358 2221 noscit
372 2162 453 2220 humi
468 2161 592 2237 pedibus
606 2164 727 2239 vestigia
740 2182 839 2237 pressa
852 2163 977 2235 bisulcis,

262 2254 361 2311 omnia
376 2254 530 2311 convisens
545 2254 637 2311 oculis
651 2254 718 2312 loca
731 2255 755 2312 si
770 2262 859 2328 queat
873 2272 996 2328 usquam

263 2343 435 2418 conspicere
449 2344 586 2402 amissum
601 2345 703 2416 fetum,
718 2344 905 2419 completque
921 2344 1055 2419 querellis

262 2433 455 2491 frondiferum
468 2452 573 2492 nemus
587 2435 729 2493 absistens
743 2445 774 2492 et
787 2435 888 2492 crebra
900 2435 996 2493 revisit

262 2523 301 2582 ad
316 2523 460 2582 stabulum
475 2523 621 2584 desiderio
636 2526 747 2600 perfixa
761 2526 884 2594 iuvenci,
1118 2532 1167 2596 360

262 2632 319 2672 nec
333 2624 450 2672 tenerae
464 2616 566 2673 salices
580 2626 668 2691 atque
683 2616 791 2674 herbae
805 2634 870 2674 rore
884 2615 1015 2691 vigentes

263 2704 441 2779 fluminaque
456 2705 503 2762 illa
517 2716 629 2780 queunt
643 2707 765 2765 summis
779 2706 905 2764 labentia
918 2707 987 2781 ripis

264 2795 410 2853 oblectare
425 2796 553 2854 animum
569 2797 754 2871 subitamque
768 2806 895 2853 avertere
910 2815 1019 2868 curam,

168 2963 171 2971 1
263 2903 320 2942 nec
334 2885 486 2943 vitulorum
502 2887 574 2944 aliae
590 2888 704 2961 species
718 2905 771 2961 per
784 2887 891 2962 pabula
904 2886 980 2944 laeta

263 2975 392 3033 derivare
408 2987 519 3050 queunt
533 2978 664 3035 animum
678 2995 805 3051 curaque
820 2978 933 3034 levare:
1118 2984 1166 3048 365

263 3084 356 3140 usque
371 3066 447 3125 adeo
463 3060 604 3142 quiddam
618 3068 769 3143 proprium
783 3077 946 3140 notumque
960 3066 1087 3141 requirit.

264 3166 414 3231 praeterea
428 3160 520 3215 teneri
534 3159 664 3215 tremulis
679 3176 747 3215 curn
762 3158 882 3215 vocibus
897 3155 985 3214 haedi

264 3247 429 3321 cornigeras
443 3257 552 3305 norunt
566 3256 671 3305 matres
685 3248 811 3323 agnique
824 3247 933 3322 petulci

264 3338 414 3397 balantum
427 3338 577 3415 pecudes:
601 3340 649 3413 ita,
664 3340 747 3415 quod
761 3350 863 3398 natura
876 3340 1014 3415 reposcit,

265 3429 303 3487 ad
318 3449 370 3487 sua
384 3431 508 3505 quisque
522 3431 582 3488 fere
597 3429 755 3489 decurrunt
769 3432 859 3489 ubera
871 3431 962 3489 lactis.
1118 3450 1167 3501 370

265 3530 414 3595 postremo
428 3519 553 3597 quodvis
567 3522 744 3580 frumentum
758 3541 820 3580 non
834 3531 932 3580 tamen
946 3539 1035 3579 omne
