2792 4025
274 263 318 330 70
607 267 843 322 LUCRETIUS
1102 265 1176 338 [111.

273 426 402 502 denique
416 427 546 486 avarities
561 437 591 486 et
604 428 749 486 honorum
763 445 854 488 caeca
867 426 976 504 cupido

272 535 348 593 quae
362 517 484 577 miseros
498 518 631 577 homines
646 528 757 594 cogunt
770 518 976 577 transcendere
990 519 1064 578 lines
1143 527 1177 578 60

271 607 339 667 iuris
353 619 384 667 et
396 608 543 667 interdum
558 610 654 668 socios
668 609 810 666 scelerum
825 618 913 684 atque
927 610 1074 668 ministros

270 709 374 757 noctes
388 709 476 774 atque
491 699 555 757 dies
569 700 621 757 niti
635 710 800 774 praestante
814 700 912 758 labore

271 788 310 846 ad
323 808 451 848 summas
466 807 614 864 emergere
629 808 711 864 opes,
726 790 800 847 haec
813 790 933 848 vulnera
946 790 1021 847 vitae

270 898 331 937 non
346 881 496 938 minimam
511 890 624 956 partem
638 881 740 938 mortis
754 881 909 938 formidine
923 881 1044 938 aluntur.

269 971 360 1046 turpis
375 972 453 1029 enim
468 973 558 1029 ferrne
574 981 761 1046 contemptus
776 981 806 1029 et
819 971 893 1029 acris
907 981 1020 1046 egestas
1140 980 1171 1045 ⁶5

269 1072 382 1119 semota
395 1062 434 1121 ab
447 1062 526 1119 dulci
540 1063 598 1120 vita
612 1063 766 1136 stabilique
779 1062 916 1120 videntur

268 1161 298 1209 et
312 1153 395 1226 quasi
409 1153 467 1210 iam
481 1153 531 1211 leti
545 1163 642 1228 portas
657 1153 820 1210 cunctarier
833 1163 922 1227 ante3

266 1241 348 1301 unde
362 1242 496 1302 homines
510 1243 582 1302 dum
597 1262 628 1301 se
643 1243 716 1301 falso
730 1253 838 1302 terrore
853 1243 950 1302 coacti

266 1333 400 1409 effugisse
415 1334 515 1392 volunt
528 1334 615 1409 longe
630 1335 777 1409 longeque
792 1352 931 1407 remosse,

265 1425 405 1499 sanguine
420 1424 495 1482 civili
508 1443 571 1482 rern
585 1424 714 1482 conflant
728 1425 900 1500 divitiasque
1139 1447 1171 1495 70

265 1514 475 1590 conduplicant
489 1515 576 1587 avidi,
592 1515 717 1574 caedem
731 1515 824 1574 caede
838 1515 1055 1581 accumulantes
1067 1536 1076 1587 ;

264 1604 397 1663 crudeles
411 1604 541 1679 gaudent
554 1605 585 1663 in
598 1606 670 1664 tristi
684 1606 785 1664 funere
800 1607 890 1665 fratris

264 1703 294 1753 et
308 1696 558 1770 consanguineum
573 1714 689 1754 mensas
704 1697 794 1755 odere
809 1698 980 1771 timentque.

263 1785 408 1843 consimili
422 1785 533 1843 ratione
548 1787 586 1845 ab
599 1785 709 1845 eodem
723 1805 812 1862 saepe
826 1787 930 1845 timore

261 1885 391 1934 macerat
405 1875 522 1935 invidia.
544 1887 612 1934 ante
628 1877 731 1936 oculos
745 1878 826 1935 illum
840 1895 904 1936 esse
917 1887 1080 1953 potentem,
1137 1897 1167 1951 ⁷5

261 1965 342 2025 illurn
357 1966 508 2043 aspectan,
523 1966 602 2027 claro
617 1968 668 2043 qui
682 1967 794 2027 incedit
804 1967 925 2042 honore,

260 2057 315 2132 ipsi
330 2076 361 2116 se
376 2059 406 2116 in
420 2059 547 2117 tenebris
559 2059 636 2117 volvi
650 2078 805 2135 caenoque
819 2069 987 2135 queruntur.

260 2148 407 2207 intereunt
420 2149 526 2225 partim
540 2159 699 2208 statuarum
715 2159 745 2207 et
759 2151 886 2210 nominis
900 2168 979 2227 erg0.

260 2249 288 2297 et
303 2258 391 2315 saepe
405 2258 498 2315 usque
512 2240 599 2312 adeo,
614 2241 717 2299 mortis
731 2241 895 2313 formidine,
910 2242 987 2300 vitae

258 2331 383 2405 percipit
397 2330 541 2389 humanos
555 2330 657 2389 odium
672 2331 804 2407 lucisque
819 2330 974 2405 videndae,
1132 2340 1166 2391 80

258 2429 289 2476 ut
304 2420 357 2478 sibi
372 2421 558 2479 consciscant
571 2421 715 2479 maerenti
728 2431 848 2496 pectore
863 2420 955 2480 letum

257 2509 340 2568 obliti
353 2510 466 2569 fontem
480 2529 614 2569 curamm
629 2512 708 2569 huuc
722 2529 786 2569 esse
801 2512 946 2584 timorem,

257 2599 337 2659 hunc
350 2619 455 2659 vexare
469 2600 625 2676 pudorem,
641 2602 722 2659 hunc
735 2602 852 2660 vincula
865 2602 1004 2661 amicitiai

256 2708 392 2766 rumpere
406 2701 436 2750 et
449 2692 480 2748 in
494 2710 609 2750 summa
621 2692 763 2767 pietatem
777 2701 907 2751 evertere
921 2691 1045 2766 suadet3

256 2801 325 2840 nam
339 2784 398 2841 iarn
412 2800 500 2858 saepe
515 2782 650 2841 homines
664 2784 787 2858 patriam
802 2802 945 2858 carosque
958 2784 1086 2859 parentis
1130 2792 1161 2856 85

255 2873 458 2949 prodidemnt,
473 2873 562 2933 vitare
576 2873 739 2932 Acherusia
751 2874 862 2948 templa
874 2883 1018 2949 petentes.

255 2982 324 3021 nam
339 2963 427 3021 veluti
441 2963 523 3038 pueri
538 2963 685 3038 trepidant
699 2973 788 3038 atque
803 2964 902 3021 omnia
915 2964 1012 3021 caecis

255 3053 425 3112 intenebris
439 3063 583 3126 metuunt,
598 3055 640 3113 sic
655 3073 711 3112 nos
726 3055 757 3111 in
770 3054 835 3111 luce
850 3054 987 3111 timemus

255 3144 411 3218 interdurn,
425 3144 487 3202 nilo
501 3163 576 3220 quae
591 3153 659 3203 sunt
672 3143 833 3201 metuenda
846 3144 938 3218 magis
952 3161 1041 3218 quarn

255 3253 331 3310 quae
345 3234 428 3310 pueri
442 3236 473 3292 in
486 3235 613 3293 tenebris
626 3236 755 3310 pavitant
769 3235 941 3309 finguntque
955 3236 1058 3291 sutura.
1127 3256 1161 3308 90

254 3323 333 3382 hunc
348 3325 432 3400 igitur
445 3334 585 3383 terrorem
599 3325 689 3382 animi
704 3325 898 3398 tenebrasque
912 3335 1061 3382 necessest

253 3434 314 3473 non
328 3415 401 3473 radii
415 3416 482 3473 solis
497 3433 594 3490 neque
608 3414 707 3472 lucida
720 3415 778 3472 tela
791 3414 850 3473 diei

254 3505 419 3578 discutiant,
436 3506 489 3564 sed
503 3515 623 3564 naturae
637 3506 752 3581 species
765 3506 908 3580 ratioque.
