2792 4025
252 257 322 327 vt]
493 258 547 311 nn
574 257 720 312 aarum
748 258 920 313 NATURA
1098 263 1154 327 191

252 420 387 477 mittere?
407 437 445 477 an
459 418 517 476 hoc
531 419 607 478 ausis
621 437 783 495 numquam
797 418 978 480 contendere
991 421 1110 495 factum,

252 520 284 568 ut
298 510 401 567 fierent
415 510 489 568 ictus
503 528 563 568 uno
577 510 632 569 sub
646 520 779 586 tempore
793 511 911 587 plures?

251 610 281 657 at
295 610 409 675 saepest
423 618 547 658 numero
561 601 670 659 sactum
684 602 804 677 fierique
820 611 977 674 necessest,

250 700 284 748 ut
297 690 396 765 pluere
411 691 440 748 in
455 691 552 749 multis
565 692 733 766 regionibus
747 701 778 751 et
791 692 896 750 cadere
910 694 1018 765 imbris,
1108 715 1137 761 4¹
1142 711 1155 765 5

250 780 371 839 fulmina
383 782 426 839 sic
439 800 500 839 uno
513 782 576 839 fieri
590 783 643 840 sub
659 791 792 858 tempore
807 784 905 842 multa.

249 882 399 947 postremo
413 890 466 930 cur
479 883 579 930 sancta
593 872 682 931 deum
697 873 819 933 delubra
832 892 957 949 suasque

250 962 368 1020 discutit
380 961 487 1021 infesto
501 963 662 1037 praeclaras
677 964 796 1022 fulmine
811 963 896 1023 sedes

249 1064 280 1113 et
292 1055 369 1113 bene
384 1055 461 1112 facta
473 1054 564 1113 deum
578 1055 681 1131 frangit
696 1057 848 1114 simulacra
862 1058 980 1132 suisque

249 1143 342 1203 demit
355 1144 528 1221 imaginibus
542 1145 671 1204 violento
684 1146 802 1205 volnere
818 1147 983 1205 honorem?
1107 1167 1157 1214 420

249 1235 364 1310 altaque
379 1253 431 1293 cur
443 1236 614 1311 plerumque
628 1236 703 1311 petit
716 1237 782 1295 loca
795 1238 976 1312 plurimaque
991 1237 1054 1295 eius

248 1326 397 1384 montibus
411 1326 441 1383 in
456 1328 575 1384 summis
588 1327 709 1402 vestigia
722 1327 868 1385 cernimus
882 1328 977 1401 ignis?

290 1416 380 1490 Quod
394 1426 534 1491 superest,
550 1417 660 1476 facilest
674 1436 711 1475 ex
725 1417 768 1476 his
783 1435 962 1493 cognoscere
978 1417 1074 1490 rebus,

248 1516 390 1583 presteras
404 1508 474 1566 Grai
488 1526 562 1582 quos
576 1508 658 1566 abre
672 1509 891 1579 nominitarunt,

230 1620 234 1626 ·
248 1598 279 1656 in
293 1616 373 1656 mare
388 1616 448 1674 qua
460 1598 539 1656 missi
552 1598 670 1655 veniant
683 1598 795 1656 ratione
810 1616 943 1673 superne.
1008 1658 1010 1661 ,
1106 1613 1154 1668 425

247 1707 317 1747 nam
330 1690 364 1748 fit
376 1699 408 1746 ut
423 1689 567 1747 interdum
581 1689 731 1764 tamquam
746 1689 873 1747 demissa
887 1690 1025 1747 columna

247 1780 278 1838 in
291 1798 371 1837 mare
385 1779 423 1837 de
437 1780 520 1839 caelo
534 1779 705 1851 descendat,
720 1798 808 1855 quam
823 1780 895 1837 freta
909 1780 1020 1837 circum

248 1871 412 1929 fervescunt
425 1870 548 1946 graviter
561 1871 737 1946 spirantibus
752 1871 840 1928 incita
855 1871 958 1943 flabris,
1138 1946 1140 1951 Ι

247 1972 278 2021 et
292 1979 496 2038 quaecumque
512 1962 542 2020 in
557 1979 593 2020 eo
608 1971 670 2020 tum
685 1962 743 2020 sint
756 1961 902 2037 deprensa
915 1962 1041 2021 tumultu

247 2053 361 2128 navigia
374 2053 403 2109 in
417 2071 564 2110 summum
579 2053 697 2110 veniant
711 2062 814 2110 vexata
828 2052 979 2127 periclum.
1104 2072 1155 2123 430

248 2143 306 2200 hoc
320 2143 353 2200 fit
367 2143 416 2200 ubi
430 2141 575 2200 interdum
591 2160 650 2200 non
666 2143 729 2216 quit
743 2143 785 2200 vis
799 2143 888 2200 incita
901 2143 980 2201 venti

247 2250 383 2307 rumpere
397 2250 485 2306 quam
500 2232 598 2306 coepit
612 2232 732 2303 nubem,
748 2231 801 2290 sed
815 2232 962 2307 deprimit,
977 2242 1009 2290 ut
1023 2233 1061 2291 sit

248 2323 279 2381 in
292 2340 372 2380 mare
386 2321 425 2380 de
439 2322 522 2380 caelo
535 2332 685 2397 tamquam
700 2322 827 2381 demissa
840 2323 986 2396 columna,

247 2413 396 2489 paulatim,
411 2413 493 2488 quasi
507 2412 579 2488 quid
593 2431 693 2488 pugno
708 2413 886 2488 bracchique
900 2431 1026 2489 superne

248 2504 384 2562 coniectu
399 2503 530 2561 trudatur
543 2513 573 2561 et
587 2503 760 2561 extendatur
774 2504 803 2561 in
817 2503 931 2577 undas,
1104 2521 1152 2576 435

247 2612 338 2670 quam
352 2613 420 2652 cum
434 2594 560 2665 discidit,
576 2594 644 2652 hinc
658 2594 856 2670 prorumpitur
869 2595 899 2651 in
914 2612 993 2653 mare
1007 2594 1087 2652 venti

246 2685 290 2743 vis
304 2694 333 2743 et
347 2686 488 2743 fervorem
503 2685 607 2742 mirum
621 2685 780 2743 concinnat
793 2685 824 2742 in
838 2684 944 2757 undis;

247 2775 446 2834 versabundus
459 2774 537 2833 enim
553 2776 639 2834 turbo
653 2775 808 2833 descendit
822 2785 852 2834 et
867 2775 943 2834 illam

248 2865 369 2924 deducit
383 2867 489 2941 pariter
501 2868 581 2924 lento
595 2885 664 2924 cum
678 2885 802 2941 corpore
817 2867 925 2925 nubem
937 2887 946 2939 ;

248 2975 336 3031 quam
351 2958 484 3015 simulac
498 2957 647 3032 gravidam
660 2957 782 3015 detrusit
795 2956 833 3014 ad
848 2974 975 3031 aequora
989 2957 1083 3032 ponti,
1104 2977 1154 3026 440

249 3047 295 3105 ille
311 3048 339 3104 in
354 3066 460 3121 aquam
474 3048 570 3105 subito
585 3058 679 3106 totum
694 3066 725 3106 se
741 3048 859 3106 inmittit
873 3057 902 3105 et
917 3066 1006 3105 omne

249 3139 356 3195 excitat
370 3138 478 3214 ingenti
494 3139 591 3197 sonitu
605 3157 684 3196 mare
700 3139 809 3196 fervere
824 3156 942 3212 cogens,

249 3229 281 3285 fit
295 3246 413 3304 quoque
427 3238 460 3286 ut
475 3229 599 3287 involvat
612 3229 690 3287 venti
705 3247 737 3287 se
751 3229 877 3287 nubibus
892 3228 954 3302 ipse

248 3329 348 3377 vertex
361 3317 525 3377 conradens
539 3338 577 3376 ex
591 3321 657 3378 aere
672 3319 786 3377 semina
800 3319 886 3377 nubis

249 3419 282 3468 et
294 3409 377 3485 quasi
391 3409 550 3467 demissum
564 3410 648 3467 caelo
661 3419 791 3484 prestera
804 3410 941 3467 imitetur.
1105 3426 1153 3479 445

249 3500 297 3559 hic
311 3501 360 3560 ubi
375 3518 407 3558 se
420 3500 451 3558 in
466 3510 554 3559 terras
568 3499 685 3559 demisit
699 3499 899 3574 dissoluitque,
