2792 4025
274 273 338 338 92.
617 268 850 322 nuenarius
1106 265 1179 337 [111.

273 431 435 491 distractast
448 432 537 490 animi
553 440 654 489 natura
668 431 842 505 animaeque
857 438 995 505 potestaS,

273 523 313 581 nil
326 532 426 580 tamen
440 532 484 580 est
499 521 537 580 ad
552 541 606 580 nos
620 523 669 597 qui
684 531 807 596 comptu
822 521 1020 595 coniugioque
1133 527 1180 592 845

272 613 404 689 corporis
419 624 506 688 atque
520 613 635 671 animae
648 613 833 671 consistimus
848 621 942 669 uniter
956 610 1027 686 apti.

273 723 340 778 nec,
354 704 379 763 si
392 705 543 761 materiem
557 713 686 763 nostram
701 704 850 778 collegerit
863 711 943 760 aetas

274 804 341 872 post
355 794 467 853 obitum
481 812 652 869 rursumque
666 793 812 870 redegerit
825 802 858 851 ut
871 794 926 852 sita
939 809 1019 851 nunc
1034 800 1079 849 est

274 896 362 960 atque
377 885 479 943 iterum
494 885 579 943 nobis
593 884 698 942 suerint
712 884 781 942 data
793 883 904 941 lumina
915 883 1001 954 vitae,

274 977 418 1050 pertineat
428 975 587 1050 quicquam
598 984 696 1033 tamen
707 974 745 1032 ad
756 993 811 1033 nos
825 974 857 1033 id
867 991 987 1049 quoque
998 973 1118 1043 factum,
1133 978 1184 1043 850

274 1067 433 1140 interrupta
446 1066 536 1124 semel
551 1084 619 1122 cum
633 1066 670 1123 sit
682 1065 846 1140 repetentia
859 1065 959 1123 nostri.

274 1164 305 1214 et
318 1175 396 1213 nunc
410 1156 449 1213 nil
465 1155 503 1214 ad
517 1174 571 1214 nos
586 1155 624 1213 de
638 1156 723 1214 nobis
737 1156 850 1227 attinet,
864 1165 933 1213 ante

274 1247 325 1322 qui
340 1247 454 1318 luimus,
470 1265 566 1321 neque
582 1247 639 1304 iam
655 1245 692 1304 de
708 1247 762 1304 illis
775 1265 831 1304 nos
844 1246 945 1304 adficit
959 1263 1058 1322 angor.

274 1355 345 1394 nam
359 1356 427 1394 cum
441 1337 578 1412 respicias
594 1337 720 1394 inmensi
733 1337 874 1412 temporis
887 1354 976 1394 omne

274 1428 461 1503 praeteritum
475 1428 609 1502 spatium,
625 1437 688 1484 tum
702 1437 800 1485 motus
813 1427 944 1485 materiai
1133 1432 1181 1497 855

275 1517 455 1576 multimodis
469 1536 558 1592 quam
573 1518 638 1588 sint,
654 1517 737 1575 facile
751 1517 810 1576 hoc
823 1517 984 1576 adcredere
997 1518 1101 1593 possis,

276 1609 388 1666 semina
402 1625 489 1683 saepe
504 1609 534 1665 in
548 1606 664 1677 eodem,
678 1617 711 1666 ut
724 1626 804 1666 nunc
818 1618 894 1680 sunt,
909 1607 1011 1666 ordine
1027 1620 1112 1683 posta

276 1699 350 1756 haec
365 1697 479 1769 eadem,
494 1699 600 1773 quibus
614 1716 630 1756 e
645 1717 726 1756 nunc
740 1717 795 1757 nos
808 1717 917 1770 sumus,
932 1709 1000 1756 ante
1015 1700 1110 1756 fuisse.

275 1808 332 1847 nec
347 1789 470 1848 memori
487 1799 586 1847 tamen
601 1788 631 1847 id
646 1790 762 1864 quimus
776 1789 1008 1864 repraehendere
1023 1800 1142 1859 mente;

275 1880 351 1938 inter
365 1879 443 1937 enim
459 1880 560 1937 iectast
574 1880 641 1938 vitai
656 1898 748 1954 pausa
761 1898 892 1954 vageque
1133 1886 1183 1936 860

276 1969 445 2029 deerrarunt
459 1971 565 2045 passim
580 1980 677 2029 motus
691 1971 729 2029 ab
744 1971 876 2029 sensibus
890 1988 1003 2029 omnes.

276 2061 367 2120 debet
380 2062 468 2133 enim,
483 2062 587 2119 misere
602 2063 625 2120 si
639 2063 713 2120 forte
728 2080 873 2137 aegreque
888 2063 1050 2133 futurumst,

276 2153 339 2227 ipse
354 2170 472 2228 quoque
487 2171 550 2210 esse
565 2154 595 2210 in
609 2171 646 2211 eo
660 2162 724 2210 tum
737 2163 879 2228 tempore,
894 2154 942 2210 cui
957 2154 1031 2210 male
1046 2154 1138 2227 possit

276 2242 420 2301 accidere.
443 2242 474 2300 id
488 2244 628 2318 quoniam
642 2262 721 2302 mors
736 2243 844 2314 eximit,
861 2261 983 2319 esseque
998 2244 1103 2319 probet

276 2334 355 2391 illum
371 2333 419 2391 cui
432 2335 545 2409 possint
558 2333 750 2391 incommoda
764 2335 921 2406 conciliari,
1133 2341 1181 2405 8⁶5

277 2425 350 2483 scire
365 2424 433 2483 licet
447 2423 531 2482 nobis
545 2424 586 2481 nil
599 2442 662 2483 esse
677 2425 708 2482 in
722 2435 815 2483 morte
831 2424 996 2483 timendum

277 2534 333 2573 nec
348 2516 486 2575 miserum
499 2515 571 2587 fieri,
587 2516 712 2591 quinon
726 2527 778 2587 est,
795 2534 881 2591 posse
896 2534 994 2592 neque
1009 2515 1098 2573 hilum

277 2605 391 2663 differre
405 2624 482 2663 anne
496 2605 555 2663 ullo
570 2606 654 2663 fuerit
668 2606 726 2664 iam
740 2616 873 2682 tempore
887 2617 982 2677 natus,

277 2696 433 2753 mortalem
449 2696 537 2753 vitam
553 2715 632 2754 mors
646 2715 715 2754 cum
730 2697 891 2755 inmortalis
906 2696 1025 2755 ademit.

320 2784 446 2844 Proinde
455 2786 504 2844 ubi
516 2804 546 2844 se
558 2785 657 2846 videas
669 2787 819 2846 hominem
833 2787 1009 2863 indignarier
1018 2787 1122 2861 ipsum,
1134 2793 1183 2852 870

278 2886 346 2952 post
359 2886 484 2934 mortem
498 2878 558 2935 lore
574 2888 605 2936 ut
619 2888 669 2936 aut
683 2888 816 2953 putescat
830 2896 954 2954 corpore
968 2888 1055 2954 posto

278 2976 328 3025 aut
342 2967 466 3025 flammis
480 2968 604 3026 interfiat
620 2969 737 3027 malisve
752 2970 885 3040 serarum,

278 3058 352 3115 scire
367 3058 435 3116 licet
448 3077 509 3117 non
523 3060 668 3117 sincerum
684 3078 787 3118 sonere
802 3070 889 3135 atque
905 3059 1024 3117 subesse

279 3166 402 3205 caecum
417 3149 542 3225 aliquem
558 3149 639 3207 cordi
654 3150 811 3221 stimulum,
827 3150 958 3225 quamvis
971 3159 1060 3225 neget
1073 3149 1136 3224 ipse

279 3238 400 3298 credere
415 3258 446 3298 se
458 3258 636 3315 quemquam
646 3241 700 3300 sibi
711 3259 829 3298 sensum
840 3242 870 3298 in
880 3251 973 3298 morte
985 3241 1120 3300 futurum.
1134 3247 1182 3310 875

279 3348 349 3397 non,
363 3340 395 3387 ut
409 3331 522 3405 opinor,
538 3331 616 3387 enim
631 3330 681 3388 dat
696 3330 778 3405 quod
792 3332 933 3405 promittit
947 3341 977 3389 et
990 3330 1080 3403 unde,

279 3438 336 3478 nec
349 3420 487 3478 radicitus
502 3439 518 3478 e
532 3422 590 3480 vita
604 3439 635 3479 se
650 3421 724 3480 tollit
737 3432 767 3479 et
781 3422 858 3489 eicit,
1067 3424 1069 3429 ’
1158 3412 1163 3420 ’

280 3510 334 3570 sed
348 3512 417 3569 facit
430 3529 494 3572 esse
509 3512 553 3569 sui
567 3511 709 3585 quiddam
723 3530 810 3588 super
823 3513 931 3571 inscius
944 3511 1016 3586 ipse.
