2792 4025
266 274 305 339 16
596 285 829 339 LUCRETqu
1130 286 1169 356 [1.

262 467 326 508 esse
340 457 458 507 aeterna
470 455 577 524 potest,
591 465 660 505 cum
674 455 773 504 cetera
786 446 991 506 dissoluantur.

261 549 324 598 turn
337 557 424 615 porro
439 538 463 597 si
476 538 516 596 nil
530 547 607 596 esset
620 537 704 613 quod
717 537 803 595 inane
818 545 946 607 vocaret,
1121 555 1171 609 5²0

262 648 350 689 omne
364 630 439 688 foret
452 628 597 701 solidum3
618 627 673 685 nisi
688 636 791 685 contra
805 644 930 702 corpora
943 636 1024 685 certa

261 729 359 779 essent
372 737 448 794 quae
462 719 528 777 loca
542 718 728 798 complerent
741 734 946 791 quaecumque
961 726 1104 790 tenerent,

261 828 351 869 omne
365 808 448 885 quod
462 818 514 879 est,
529 808 655 883 spatium
668 826 794 865 vacuum
809 816 956 866 constaret
969 807 1064 865 inane.

261 901 376 959 alternis
390 900 476 976 igitur
488 899 624 956 nimirum
639 916 747 973 corpus
761 897 841 955 inani

261 990 466 1062 distinctumst,
481 989 621 1065 quoniam
635 1006 693 1046 nec
707 988 828 1063 plenum
841 987 954 1045 naviter
967 996 1047 1046 extat
1122 1006 1168 1059 5²5

261 1099 317 1140 nec
331 1099 419 1157 porro
432 1098 567 1137 vacuum.
589 1088 657 1137 sunt
670 1096 741 1154 ergo
755 1084 880 1153 corpora
893 1087 973 1136 certa

261 1190 337 1247 quae
351 1171 476 1247 spatium
489 1170 578 1244 pleno
592 1169 706 1245 possint
719 1168 895 1244 distinguere
911 1169 1008 1228 inane.

261 1262 335 1320 haec
349 1280 446 1337 neque
460 1259 581 1319 dissolui
594 1259 686 1335 plagis
704 1260 883 1316 extrinsecus
898 1260 958 1316 icta

260 1361 384 1429 possunt
397 1370 454 1411 nec
468 1368 555 1427 porro
569 1350 685 1426 penitus
699 1357 852 1425 penetrata
865 1349 958 1408 retexi

192 1490 197 1500 .
260 1462 317 1502 nec
331 1442 443 1501 ratione
457 1451 569 1517 queunt
582 1441 637 1499 alia
650 1450 794 1515 temptata
807 1439 924 1513 labare3
1122 1457 1135 1510 5
1138 1459 1172 1510 30

261 1533 293 1593 id
307 1533 388 1609 quod
402 1533 461 1592 iam
475 1550 562 1608 supra
574 1531 627 1590 tibi
640 1532 731 1607 paulo
744 1530 927 1589 ostendimus
941 1539 1019 1590 ante.

260 1643 331 1683 nam
344 1641 441 1699 neque
456 1621 565 1682 conlidi
579 1622 642 1680 sine
656 1622 736 1680 inani
749 1639 836 1697 posse
849 1621 965 1679 videtur

262 1715 420 1790 quicquam
433 1730 491 1771 nec
505 1712 596 1787 frangi
610 1730 667 1769 nec
680 1711 754 1770 findi
768 1711 798 1769 in
812 1712 882 1770 bina
896 1711 1026 1769 secando

261 1823 318 1863 nec
333 1821 437 1879 capere
452 1819 584 1861 umorem
598 1820 695 1877 neque
711 1803 782 1860 item
795 1802 940 1876 manabile
955 1803 1044 1878 frigus

261 1913 318 1954 nec
332 1894 511 1970 penetralem
524 1894 631 1969 ignem,
645 1892 752 1968 quibus
766 1893 866 1950 omnia
880 1893 1083 1950 conficiuntur.
1122 1907 1169 1961 535

244 1990 245 1993 ’
259 1988 292 2046 'et
306 2004 365 2062 quo
380 2002 514 2061 quaeque
529 1984 620 2060 magis
634 1984 754 2042 cohibet
767 2001 814 2042 res
828 1984 904 2042 intus
919 1983 1014 2057 inane,

261 2085 322 2137 tam
336 2076 428 2152 magis
442 2076 486 2134 his
500 2075 586 2134 rebus
600 2076 717 2150 penitus
731 2084 873 2149 temptata
886 2074 1015 2132 labascit.

263 2186 332 2244 ergo
346 2167 371 2226 si
384 2167 477 2226 solida
490 2184 526 2224 ac
541 2166 602 2225 sine
617 2167 696 2224 inani
712 2183 836 2240 corpora
849 2166 944 2240 prima

262 2268 329 2318 sunt
343 2259 382 2316 ita
394 2258 436 2316 uti
450 2257 548 2328 docui,
563 2258 620 2314 sint
633 2257 708 2315 haec
721 2267 840 2314 aeterna
853 2264 1010 2314 necessest

262 2359 413 2428 praeterea
426 2349 482 2406 nisi
495 2349 629 2405 materies
643 2358 763 2404 aeterna
777 2347 886 2419 fuisset,
1123 2362 1172 2415 540

263 2439 387 2499 antehac
401 2438 440 2497 ad
453 2439 544 2496 mlum
559 2438 676 2512 penitus
688 2455 736 2494 res
750 2455 886 2513 quaeque
901 2434 1045 2495 redissent

263 2531 302 2590 de
316 2530 435 2605 niloque
449 2538 550 2586 renata
563 2528 658 2585 forent
673 2545 878 2602 quaecumque
893 2526 1035 2586 videmus.

263 2631 293 2680 at
306 2622 446 2696 quoniam
460 2637 547 2694 supra
561 2617 651 2677 docui
665 2618 707 2675 nil
720 2636 807 2692 posse
823 2619 914 2675 creari

263 2711 302 2771 de
316 2711 376 2770 nilo
390 2727 487 2785 neque
501 2706 584 2784 quod
597 2709 729 2783 genitum
745 2718 789 2766 est
803 2708 843 2766 ad
856 2709 897 2766 nil
910 2708 1049 2783 revocari,

264 2820 327 2860 esse
342 2799 486 2859 inmortali
499 2799 661 2875 primordia
674 2816 798 2874 corpore
814 2799 933 2870 debent,
1124 2815 1170 2870 545

264 2891 383 2951 dissolui
398 2909 457 2965 quo
472 2908 607 2965 quaeque
622 2907 760 2963 supremo
774 2899 907 2964 tempore
921 2889 1040 2963 possint,

264 2981 398 3039 materies
413 2990 445 3039 ut
459 2980 628 3056 subpeditet
641 2981 728 3040 rebus
742 2979 920 3055 reparandis.

265 3081 334 3130 sunt
346 3071 431 3146 igitur
445 3071 539 3129 solida
552 3071 713 3146 primordia
727 3071 910 3145 simplicitate

265 3179 322 3220 nec
336 3162 448 3220 ratione
463 3171 575 3236 queunt
588 3163 645 3219 alia
657 3170 769 3239 servata
783 3179 836 3235 per
848 3178 954 3218 aevom

266 3271 303 3312 ex
316 3253 431 3311 infinito
445 3253 503 3311 iam
518 3261 649 3326 ternpore
664 3270 710 3309 res
722 3269 867 3326 reparare.
1124 3267 1174 3327 550

307 3343 445 3418 Denique
459 3343 483 3401 si
497 3343 605 3400 nullam
619 3343 710 3400 finem
723 3351 826 3400 natura
839 3351 968 3416 parasset
1062 3402 1066 3411 ,
1127 3330 1160 3381 Ὗ

266 3434 434 3511 frangendis
447 3434 543 3505 rebus,
557 3433 616 3527 iarn
630 3451 755 3508 corpora
767 3433 896 3489 materiai
965 3462 982 3522 νῦ
991 3454 1005 3513 ¹,
1035 3416 1062 3521 ‘J
1080 3465 1118 3507 w
1163 3466 1166 3475 ·

268 3545 361 3602 usque
374 3525 494 3585 redacta
507 3525 601 3584 forent
615 3542 687 3583 aevo
702 3524 852 3599 frangente
866 3522 971 3599 priore,
1003 3542 1014 3598 χ
