2792 4025
188 3221 192 3273 l

193 3343 213 3393 t

250 223 292 286 26
587 237 821 291 nuenarius
888 230 890 241 ’
1115 239 1154 310 [1.

248 415 286 455 ex
299 396 476 473 alienigenis,
491 415 567 473 quae
581 396 663 456 terris
677 397 855 456 exoriuntur.

247 489 369 546 transfer
382 489 463 559 item,
478 487 602 547 totidem
615 488 710 546 verbis
724 496 804 546 utare
819 488 926 547 licebit.
960 547 963 552 ,
1105 496 1154 555 870

247 579 278 636 in
292 579 376 654 lignis
391 579 415 636 si
428 579 546 637 flamma
559 579 630 636 latet
643 579 799 652 fumusque
813 579 955 653 cinisque,

247 687 284 726 ex
298 669 467 745 alienigenis
481 669 641 727 consistant
654 669 733 743 ligna
746 679 902 728 necessest.

246 770 398 834 praeterea
411 761 494 819 tellus
508 777 584 834 quae
599 777 724 834 corpora
737 776 863 834 cumque
879 759 937 831 alit,
951 768 1039 834 auget

689 856 709 894 ἡ

245 957 283 997 ex
297 940 473 1016 alienigenis
489 958 565 1016 quae
581 939 666 1015 lignis
680 938 725 998 his
740 939 879 998 oriuntur.

286 1031 439 1106 Linquitur
452 1032 500 1090 hic
514 1031 661 1108 quaedam
677 1031 808 1088 latitandi
823 1031 910 1107 copia
922 1030 1024 1103 tenvis,
1104 1038 1151 1101 875

244 1118 275 1177 id
290 1120 372 1194 quod
385 1123 572 1197 Anaxagoras
587 1121 643 1180 sibi
657 1121 754 1193 sumit,
768 1131 800 1179 ut
814 1120 950 1180 omnibus
964 1120 1060 1179 omnis

243 1227 290 1268 res
303 1221 387 1285 putet
401 1211 535 1270 inmixtas
549 1213 637 1271 rebus
650 1212 772 1283 latitare,
787 1210 841 1269 sed
856 1210 927 1269 illud

244 1319 384 1376 apparere
399 1320 490 1360 uuum
505 1303 588 1361 cuius
602 1303 660 1361 sint
674 1301 800 1376 plurima
813 1303 903 1361 mixta

243 1400 273 1448 et
288 1393 378 1466 magis
393 1393 423 1449 in
436 1403 575 1467 promptu
591 1393 745 1468 primaque
760 1393 790 1450 in
804 1392 898 1450 fronte
912 1390 1018 1450 locata.

242 1481 325 1556 quod
338 1492 438 1540 tamen
452 1501 470 1540 a
482 1501 551 1541 vera
564 1483 650 1558 longe
665 1483 778 1541 ratione
792 1483 975 1558 repulsumst.
1103 1491 1152 1540 880

242 1573 437 1630 conveniebat
452 1573 531 1630 enim
545 1574 642 1649 fruges
656 1590 776 1649 quoque
791 1591 889 1648 saepe,
904 1573 1011 1631 minaci

241 1663 347 1720 robore
359 1681 427 1720 cum
442 1663 502 1721 saxi
516 1663 693 1739 franguntur,
709 1665 824 1722 mittere
839 1664 953 1738 signum

241 1753 389 1827 sanguinis
403 1762 454 1810 aut
467 1753 585 1828 aliquid,
601 1764 702 1812 nostro
717 1773 793 1829 quae
808 1772 932 1829 corpore
946 1755 1069 1814 aluntur.

241 1843 386 1901 consimili
399 1844 510 1901 ratione
526 1843 622 1903 herbis
636 1863 755 1920 quoque
770 1864 859 1920 saepe
874 1844 1008 1915 decebat,

240 1951 310 1990 cum
323 1932 413 2009 lapidi
428 1935 458 1992 in
472 1933 601 2009 lapidem
615 1936 744 2007 terimus,
759 1955 876 1994 manare
892 1953 1045 2007 cruorem;
1100 1944 1147 2008 885

240 2034 270 2083 et
284 2025 383 2083 latices
399 2025 491 2083 dulcis
505 2036 600 2102 guttas
615 2027 759 2101 similique
774 2045 878 2102 sapore

239 2116 362 2188 mittere,
377 2116 521 2192 lanigerae
536 2118 614 2191 quali
629 2127 696 2175 sunt
711 2119 800 2176 ubere
815 2118 907 2191 lactis,

238 2207 350 2265 scilicet
364 2216 394 2265 et
407 2208 499 2283 glebis
513 2216 650 2266 terrarum
667 2226 755 2283 saepe
770 2209 858 2267 friatis

239 2296 393 2356 herbarum
408 2316 516 2373 genera
530 2308 559 2356 et
573 2299 668 2373 fruges
683 2298 861 2374 frondesque
875 2298 969 2358 videri

239 2386 389 2463 dispertita
398 2389 472 2446 inter
486 2398 590 2447 terram
604 2389 715 2447 latitare
730 2390 851 2463 minute,
1098 2398 1148 2462 890

237 2486 386 2553 postremo
401 2478 432 2536 in
446 2478 529 2554 lignis
544 2480 673 2537 cinerem
688 2480 860 2556 fumumque
875 2480 976 2552 videri,

238 2586 305 2625 cum
320 2569 481 2642 praefracta
495 2569 598 2640 forent,
613 2570 747 2645 ignisque
761 2571 850 2629 latere
865 2572 1002 2631 minutos.

238 2675 362 2731 quorum
376 2658 417 2716 nil
431 2658 494 2716 fieri
508 2659 648 2733 quoniam
662 2662 818 2719 manifesta
831 2661 920 2721 docet
933 2682 989 2736 res,

237 2748 310 2805 scire
324 2748 393 2806 licet
405 2767 467 2806 nou
481 2766 545 2807 esse
559 2749 590 2807 in
604 2750 691 2809 rebus
705 2770 751 2808 res
765 2752 806 2810 ita
819 2753 932 2825 mixtas,

236 2856 337 2895 verum
352 2841 464 2896 semina
477 2838 657 2898 multimodis
672 2840 794 2899 inmixta
807 2842 896 2899 latere
1095 2853 1143 2917 895

236 2928 390 2986 multarum
403 2947 500 2986 rerum
513 2929 545 2986 in
558 2930 644 2987 rebus
659 2931 829 2989 communia
842 2931 961 2991 debent.

277 3020 333 3076 ‘At
347 3037 435 3093 saepe
449 3018 480 3076 in
494 3020 605 3096 magnis
620 3020 653 3077 fit
666 3022 823 3079 montibus’
839 3022 934 3096 inquis
946 3027 996 3081 ‘ut
1010 3024 1073 3083 altis

236 3108 384 3168 arboribus
398 3108 493 3167 vicina
507 3110 662 3167 cacumina
676 3129 791 3168 summa
804 3119 933 3170 terantur

236 3198 310 3257 inter
323 3216 365 3271 se,
379 3198 481 3257 validis
496 3199 592 3257 facere
607 3198 638 3257 id
652 3201 825 3275 cogentibus
839 3204 951 3274 austris,

235 3287 332 3347 donec
347 3288 474 3346 flammai
489 3289 629 3347 fulserunt
642 3290 713 3347 flore
729 3293 851 3349 coorto!
1094 3317 1143 3366 900

235 3379 346 3437 scilicet
360 3388 389 3437 et
402 3397 464 3438 non
479 3390 523 3437 est
537 3379 622 3455 lignis
635 3390 734 3438 tamen
750 3381 850 3439 insitus
865 3381 948 3457 ignis,

235 3487 335 3528 verum
351 3470 462 3527 semina
476 3479 544 3528 sunt
557 3469 668 3527 ardoris
683 3470 783 3543 multa,
799 3472 922 3531 terendo
