2792 4025
282 283 345 349 154
613 279 845 335 LUCRETIUS
1135 280 1184 352 [V.

278 452 447 520 quantaque
462 450 599 517 quantast
611 441 681 499 hinc
694 439 780 499 nobis
794 438 927 499 videatur
939 441 970 499 in
984 441 1053 500 alto.

277 544 427 609 postremo
441 549 644 608 quoscumque
656 531 740 590 vides
753 530 822 589 hinc
835 530 960 589 aetheris
973 532 1075 606 ignes3
1136 539 1184 604 585

277 622 521 698 quandoquidem
534 639 739 698 quoscumque
754 621 784 679 in
797 621 879 679 tenis
892 622 1038 679 cernimus
1052 622 1143 697 ignes,

277 713 351 772 dum
365 723 473 772 tremor
485 722 530 771 est
544 712 646 783 clarus,
661 712 733 770 dum
747 712 873 770 cernitur
886 710 973 769 ardor
986 730 1099 785 eorum,

278 822 452 880 perparvom
465 802 608 879 quiddam
622 802 769 860 interdum
784 812 895 859 mutare
908 800 1024 860 videtur

277 895 398 953 alteram
412 904 505 952 utram
519 894 549 952 in
562 903 676 970 partem
689 893 780 963 iilum,
795 910 856 967 quo
870 892 985 967 longius
999 893 1123 967 absunt3

277 983 352 1043 scire
366 985 434 1042 licet
447 1002 588 1059 perquam
602 982 730 1058 pauxillo
743 1000 831 1058 posse
845 983 973 1042 minores
1134 1002 1184 1058 590

278 1092 343 1133 esse
356 1075 403 1133 vel
417 1075 522 1150 exigua
535 1074 650 1132 maioris
664 1083 745 1149 parte
761 1073 910 1149 brevique.

319 1165 396 1224 Illud
410 1166 480 1223 item
493 1183 555 1223 non
568 1174 613 1223 est
626 1162 800 1233 mirandum,
814 1180 874 1239 qua
886 1163 999 1222 ratione

276 1256 404 1315 tantulus
418 1256 465 1314 ille
479 1265 568 1330 queat
581 1266 694 1313 tantum
708 1254 751 1313 sol
765 1254 879 1312 mittere
893 1254 1001 1325 lumen,

277 1346 360 1423 quod
373 1348 464 1404 maria
476 1364 512 1402 ac
526 1356 615 1403 terras
628 1346 725 1403 omnis
739 1345 913 1419 caelumque
926 1343 1050 1420 rigando

277 1436 427 1512 compleat
440 1446 470 1494 et
483 1434 579 1494 calido
593 1434 750 1511 perfundat
763 1446 870 1495 cuncta
883 1453 1003 1510 vapore.
1133 1454 1182 1510 595

277 1545 346 1587 nam
360 1527 429 1585 licet
443 1527 512 1583 hinc
526 1524 629 1584 mundi
642 1526 820 1601 patefactum
834 1527 921 1585 totius
936 1543 1026 1583 unum

277 1616 440 1693 largifluum
453 1618 565 1674 fontem
578 1626 690 1674 scatere
704 1626 791 1691 atque
806 1634 957 1692 erumpere
971 1600 1081 1689 luinen,

279 1724 317 1766 ex
329 1710 412 1765 omni
425 1705 538 1764 mundo
552 1707 621 1781 quia
634 1707 677 1764 sic
690 1706 837 1764 elementa
850 1707 964 1782 vaporis

276 1797 409 1872 undique
424 1797 602 1855 conveniunt
616 1796 702 1854 etsie
716 1784 867 1854 coniectus
883 1814 985 1855 eorum
1132 1804 1184 1855 600

278 1888 410 1959 confluit,
424 1906 462 1945 ex
475 1904 536 1945 uno
550 1887 646 1962 capite
660 1886 710 1945 hic
723 1896 756 1944 ut
768 1887 893 1962 profluat
906 1887 1001 1946 ardor.

277 1996 377 2038 nonne
392 1977 474 2037 vides
488 1978 576 2036 etiam
590 1995 679 2053 quam
692 1977 750 2036 late
764 1996 869 2055 parvus
883 1978 969 2053 aquai

276 2080 360 2145 prata
372 2074 445 2145 riget
459 2069 524 2126 fons
538 2067 685 2126 interdum
700 2070 871 2145 campisque
885 2068 1051 2128 redundet?

277 2170 322 2219 est
336 2160 422 2218 etiam
436 2177 555 2234 quoque
569 2159 611 2216 uti
625 2177 686 2217 non
701 2177 808 2234 magno
822 2160 890 2218 solis
904 2161 942 2219 ab
954 2161 1014 2236 igni

277 2255 344 2311 aera
357 2249 499 2326 percipiat
512 2249 613 2307 calidis
626 2249 785 2307 fervoribus
798 2249 893 2322 ardor,
1132 2257 1182 2323 ⁶05

277 2351 458 2416 opportunus
473 2341 513 2397 ita
525 2350 570 2398 est
583 2340 606 2397 si
620 2339 694 2398 forte
709 2348 739 2396 et
753 2338 877 2398 idoneus
891 2344 949 2412 aet,

277 2443 310 2489 ut
323 2441 412 2507 queat
425 2429 549 2488 accendi
564 2431 658 2505 parvis
672 2430 824 2488 ardoribus
839 2431 933 2504 ictus;

277 2521 358 2598 quod
373 2539 465 2597 genus
479 2520 624 2578 interdum
639 2531 753 2596 segetes
767 2521 961 2596 stipulamque
975 2519 1107 2583 videmus

277 2611 420 2671 accedere
434 2631 471 2670 ex
485 2629 544 2668 una
556 2611 679 2668 scintilla
692 2610 830 2668 incendia
842 2612 959 2687 passim.

277 2703 396 2762 forsitan
410 2712 440 2760 et
453 2719 538 2759 rosea
550 2701 594 2758 sol
607 2701 664 2758 alte
678 2701 814 2777 lampade
828 2701 930 2762 lucens
1132 2711 1185 2763 610

277 2791 426 2872 possideat
439 2791 563 2849 multum
577 2791 673 2848 caecis
687 2791 846 2850 fervoribus
860 2791 959 2868 ignem

278 2885 388 2942 circum
402 2899 444 2953 se,
458 2881 538 2940 nullo
553 2881 602 2956 qui
616 2882 653 2938 sit
666 2881 776 2957 fulgore
791 2892 918 2953 notatus,

278 2973 393 3032 aestifer
407 2982 439 3029 ut
452 2982 564 3029 tantum
579 2970 725 3029 radiorum
741 2982 883 3048 exaugeat
896 2973 996 3032 ictum.

319 3063 386 3122 Nec
399 3063 472 3120 ratio
486 3062 554 3121 solis
567 3061 691 3136 simplex
705 3071 735 3120 et
748 3073 827 3120 certa
840 3064 973 3137 patescit,

278 3171 339 3231 quo
353 3163 441 3229 pacto
455 3152 570 3210 aestivis
584 3170 600 3211 e
615 3153 745 3227 partibus
759 3154 941 3229 aegocerotis
1133 3162 1182 3227 615

277 3243 415 3304 brumalis
428 3242 516 3301 adeat
530 3243 621 3301 flexus
635 3253 723 3318 atque
737 3243 807 3302 inde
821 3255 968 3302 revertens

278 3335 377 3393 cancri
390 3353 422 3393 se
437 3344 469 3393 ut
481 3343 574 3392 vertat
587 3343 680 3392 metas
694 3333 734 3393 ad
748 3334 911 3406 solstitialis,

278 3425 405 3500 lunaque
419 3426 569 3484 mensibus
582 3423 614 3482 id
627 3425 753 3500 spatium
768 3424 899 3483 videatur
912 3425 1003 3499 obire,

280 3535 378 3576 annua
391 3516 435 3575 sol
446 3516 478 3575 in
492 3533 553 3592 quo
566 3516 714 3578 consumit
728 3525 860 3592 tempora
873 3533 968 3576 cursu.
