2792 4025
229 263 280 334 v.]
468 265 524 317 na
551 265 698 319 nanum
726 266 898 320 NATURA
1074 265 1130 331 145

227 425 331 501 partim
345 426 428 500 quod
441 436 541 501 supter
553 444 606 502 per
619 437 710 485 terras
724 425 832 485 diditur
845 426 960 501 omnis3

226 516 393 593 percolatur
406 518 484 574 enim
497 518 575 575 virus
588 527 724 592 retroque
735 527 868 575 remanat

227 607 363 665 materies
375 608 484 665 umoris
498 617 530 665 et
542 607 581 665 ad
596 618 685 683 caput
698 609 834 666 amnibus
847 608 944 666 omnis
1085 628 1134 674 270

227 698 375 769 convenit,
387 696 458 757 inde
472 716 561 772 super
573 708 663 755 terras
676 698 739 755 fluit
753 698 868 773 agmine
883 697 963 755 dulci

227 804 287 861 qua
299 788 346 844 via
358 797 440 845 secta
452 787 544 845 semel
557 787 671 861 liquido
685 787 763 863 pede
778 787 883 845 detulit
894 786 1000 846 undas.

267 878 342 936 Aera
355 896 435 935 nunc
450 879 536 953 igitur
549 877 647 936 dicam
661 878 712 952 qui
726 896 849 953 corpore
863 888 928 937 toto

227 966 474 1025 innumerabiliter
487 969 584 1042 privas
596 978 724 1025 mutatur
736 969 766 1025 in
781 968 876 1026 horas.

142 1055 147 1065 ’
227 1073 344 1131 semper
357 1058 446 1129 enirn,
462 1058 672 1133 quodcumque
687 1058 750 1115 fluit
763 1057 801 1115 de
815 1059 913 1130 rebus,
927 1056 958 1116 id
972 1075 1062 1116 omne
1085 1074 1131 1127 275

226 1148 301 1206 aeris
314 1148 345 1207 in
360 1165 499 1222 magnum
513 1147 603 1206 fertur
615 1166 694 1205 mare
706 1168 715 1221 3
736 1149 787 1222 qui
803 1148 858 1206 nisi
872 1157 976 1206 contra

227 1238 502 1313 corporaxretribuat
515 1238 603 1296 rebus
615 1249 787 1313 recreetque
801 1238 924 1312 liuentis,

228 1328 328 1386 omnia
342 1328 399 1385 iarn
413 1328 540 1387 resoluta
553 1330 648 1386 forent
661 1338 691 1386 et
705 1329 735 1386 in
749 1333 817 1388 aera
828 1346 919 1387 versa.

228 1416 299 1475 haut
312 1418 397 1493 igitur
410 1428 504 1477 cessat
517 1419 597 1494 gigni
611 1418 751 1477 derebus
765 1428 795 1476 et
809 1420 839 1477 in
853 1437 900 1477 res

227 1508 385 1579 reccidere,
400 1508 523 1567 adsidue
536 1510 677 1583 quoniam
691 1509 780 1567 fluere
794 1510 894 1567 omnia
907 1517 1031 1567 constat.
1086 1514 1134 1564 280

269 1599 378 1674 Largus
392 1599 463 1657 item
476 1597 579 1673 liquidi
593 1599 658 1657 lons
671 1599 798 1671 luminis,
813 1598 959 1657 aetherius
971 1598 1026 1669 sol,

227 1688 331 1763 inrigat
343 1688 465 1747 adsidue
480 1689 595 1747 caelum
608 1688 738 1747 candore
751 1689 863 1747 recenti

228 1778 455 1854 suppeditatque
470 1798 549 1837 novo
563 1779 718 1838 confestim
732 1780 841 1837 lumine
855 1778 964 1836 lumen.

228 1887 298 1927 nam
311 1870 438 1945 primum
452 1869 594 1944 quicquid
608 1869 726 1945 fulgoris
739 1869 860 1944 disperit
873 1869 912 1941 ei,

230 1977 417 2036 quocumque
432 1959 546 2019 accidit.
563 1959 593 2019 id
607 1960 675 2019 licet
689 1961 758 2019 hinc
772 1976 954 2036 cognoscere
966 1958 1070 2036 possis,
1086 1965 1132 2029 285

229 2050 311 2126 quod
325 2051 409 2109 simul
422 2070 458 2109 ac
471 2051 597 2126 primum
611 2053 704 2110 nubes
719 2050 878 2109 succedere
894 2050 947 2108 soli

229 2160 356 2216 coepere
370 2151 400 2199 et
413 2140 510 2200 radios
524 2143 600 2199 inter
612 2142 696 2216 quasi
709 2159 843 2216 rumpere
858 2139 940 2212 lucis,

229 2233 377 2307 externplo
392 2232 509 2290 inferior
522 2250 588 2307 pars
603 2231 708 2289 horum
723 2231 844 2306 disperit
857 2230 954 2288 omnis

228 2332 363 2398 terraque
377 2322 558 2380 inumbratur
571 2340 630 2396 qua
643 2323 735 2380 nimbi
749 2339 876 2395 cumque
891 2321 1039 2393 seruntur;

228 2422 262 2471 ut
274 2431 380 2471 noscas
394 2411 550 2488 splendore
563 2431 643 2470 novo
657 2431 704 2471 res
718 2429 834 2487 semper
848 2427 935 2486 egere
1086 2429 1134 2482 290

229 2513 260 2561 et
273 2503 399 2579 primum
413 2503 521 2560 iactum
535 2503 652 2579 fulgoris
666 2519 814 2577 quemque
829 2501 923 2576 perire

228 2611 286 2651 nec
299 2593 410 2652 ratione
424 2593 480 2650 alia
493 2611 538 2651 res
552 2611 638 2668 posse
653 2593 682 2651 iu
697 2593 758 2651 sole
771 2591 874 2664 videri,

229 2694 372 2760 perpetuo
386 2685 417 2742 ni
431 2682 599 2760 suppeditet
611 2684 684 2742 lucis
697 2692 786 2759 caput
799 2682 905 2757 ipsum,

231 2775 300 2849 quin
315 2774 404 2832 etiam
417 2784 561 2832 nocturna
574 2773 635 2845 tibi,
650 2773 794 2832 terrestria
808 2788 884 2847 quae
898 2780 974 2842 sunt,

229 2863 347 2935 lumina,
361 2863 527 2940 pendentes
539 2864 648 2940 lychini
661 2864 815 2938 claraeque
830 2862 958 2920 coruscis
1087 2875 1133 2932 ²95

229 2954 388 3030 fulguribus
401 2955 524 3029 pingues
538 2955 629 3012 multa
643 2954 765 3029 callgine
779 2951 883 3011 taedae

230 3045 374 3103 consimili
388 3054 545 3120 properant
558 3045 679 3117 ratione,
694 3043 799 3103 ardore
813 3043 953 3114 ministro,

230 3133 417 3210 suppeditare
430 3152 539 3193 novom
553 3134 662 3206 lumen,
677 3145 801 3192 tremere
815 3134 930 3210 ignibus
943 3133 1060 3203 instant,

230 3225 346 3296 instant,
362 3242 419 3282 nec
432 3224 499 3282 loca
511 3225 560 3282 lux
573 3225 649 3282 inter
661 3225 744 3299 quasi
759 3233 844 3300 rupta
856 3223 992 3298 relinquit
1003 3243 1011 3295 ;

230 3332 323 3389 usque
337 3313 413 3372 adeo
428 3324 615 3390 properanter
628 3315 666 3374 ab
679 3315 817 3373 omnibus
830 3314 945 3390 ignibus
960 3313 987 3370 ei
1086 3329 1135 3382 300

230 3405 350 3462 exitium
364 3405 449 3462 celeri
464 3405 573 3462 celatur
586 3405 695 3480 origine
710 3406 854 3462 flammae.
955 3450 957 3454 .

230 3494 372 3571 sicigitur
385 3495 476 3553 solem
490 3495 589 3553 lunam
604 3495 758 3570 stellasque
772 3492 963 3570 putandumst

656 3597 686 3633 10
