2792 4025
234 278 297 327 212
576 274 808 331 Lucnartus
1071 274 1138 348 [vr.

234 440 379 501 sudabant
391 440 480 499 etiam
494 439 593 498 fauces
607 439 780 498 intrinsecus
793 448 873 497 atrae

233 532 373 607 sanguine
388 540 418 589 et
430 530 575 589 ulceribus
588 530 670 588 vocis
682 530 730 588 via
743 539 846 605 saepta
859 528 958 588 coibat

233 632 321 697 atque
336 620 425 680 animi
439 622 580 696 interpres
594 622 732 679 manabat
745 621 844 696 lingua
857 637 961 679 eruore

233 711 383 770 debilitata
395 711 487 782 malis,
502 720 585 769 motu
598 711 702 785 gravis,
716 728 821 786 aspera
833 719 924 768 tactu.
1076 726 1141 781 1150

232 800 302 860 inde
316 801 367 860 ubi
380 818 433 876 per
446 801 546 859 fauces
559 811 664 876 pectus
678 802 840 876 complerat
854 810 884 859 et
897 801 994 875 ipsum

232 891 368 950 morbida
380 891 423 949 vis
437 890 468 948 in
481 908 533 949 cor
547 901 691 949 maestum
705 890 885 949 confluxerat
899 890 1001 966 aegris,

233 981 334 1041 omnia
346 990 409 1039 tum
423 998 493 1039 vero
506 980 574 1039 vitai
589 981 714 1038 claustra
727 980 872 1039 lababant.

232 1072 348 1148 spiritus
362 1089 413 1129 ore
427 1072 503 1129 foras
517 1080 642 1129 taetrum
656 1070 791 1129 volvebat
805 1069 939 1141 odorem,

231 1160 353 1220 rancida
366 1179 426 1236 quo
440 1161 573 1236 perolent
587 1160 719 1236 proiecta
732 1160 876 1218 cadavera
888 1160 954 1219 ritu.
1076 1175 1138 1229 ¹155

232 1262 320 1328 atque
335 1252 425 1310 animi
439 1269 572 1328 prorsum
586 1261 649 1308 tum
662 1251 737 1308 vires
751 1251 849 1322 totius,
864 1266 954 1309 omne

231 1342 388 1418 languebat
402 1358 508 1416 corpus
522 1340 572 1399 leti
586 1340 644 1398 iam
658 1340 757 1398 limine
771 1340 801 1398 in
815 1341 889 1416 ipso.

232 1432 519 1506 intolerabilibusque
534 1431 617 1489 malis
631 1440 693 1489 erat
706 1431 808 1490 anxius
821 1449 914 1506 angor

147 1554 155 1568 .
232 1522 356 1582 adsidue
370 1540 472 1581 comes
486 1532 517 1581 et
530 1522 639 1597 gemitu
654 1522 815 1579 commixta
827 1521 964 1597 querella.

232 1614 433 1689 singultusque
447 1613 584 1688 frequens
598 1622 719 1670 noctem
733 1629 786 1686 per
799 1630 887 1687 saepe
901 1612 1041 1688 diemque
1074 1617 1139 1668 1160

232 1704 380 1778 corripere
393 1702 517 1761 adsidue
531 1720 637 1761 nervos
651 1711 681 1759 et
694 1703 827 1761 membra
841 1712 979 1761 coactans

232 1793 411 1873 dissoluebat
425 1810 487 1865 eos,
502 1792 633 1851 defessos
647 1802 726 1863 ante,
740 1793 872 1867 fatigans.

231 1902 290 1943 nec
304 1884 396 1941 nimio
409 1883 548 1959 cuiquam
561 1900 664 1958 posses
678 1882 783 1941 ardore
796 1883 871 1941 tueri

232 1974 363 2051 corporis
378 1975 408 2032 in
422 1992 537 2033 summo
552 1992 696 2032 summam
711 1973 872 2033 fervescere
886 1982 1008 2050 partem,

233 2065 286 2125 sed
300 2066 398 2141 potius
412 2064 545 2140 tepidum
559 2065 693 2123 manibus
708 2082 872 2140 proponere
887 2075 998 2124 tactum
1075 2071 1136 2138 1165

232 2166 263 2214 et
276 2156 362 2214 simul
374 2155 519 2212 ulceribus
533 2155 617 2229 quasi
631 2155 733 2213 inustis
747 2173 835 2214 omne
849 2156 953 2214 rubere

231 2264 348 2320 corpus,
363 2256 394 2303 ut
408 2255 452 2303 est
465 2263 519 2320 per
532 2244 664 2303 membra
677 2263 760 2303 sacer
773 2245 845 2303 dum
859 2245 969 2304 diditur
981 2246 1065 2322 ignis.

234 2337 337 2394 intima
350 2354 416 2411 pars
431 2336 585 2394 hominum
598 2354 668 2394 vero
681 2336 820 2410 flagrabat
833 2335 872 2394 ad
886 2355 961 2408 ossa,

230 2427 370 2501 flagrabat
383 2425 537 2484 stomacho
551 2425 668 2483 flamma
681 2436 715 2483 ut
728 2426 893 2485 fornacibus
907 2427 993 2486 intus.

230 2517 271 2575 nil
285 2516 361 2574 adeo
375 2533 477 2591 posses
491 2516 629 2590 cuiquam
643 2516 706 2574 leve
720 2525 866 2591 tenveque
881 2517 1018 2575 membris
1075 2536 1139 2588 1170

230 2616 342 2664 vertere
357 2607 387 2664 in
400 2606 563 2679 utilitatem,
578 2615 607 2664 at
620 2615 741 2665 ventum
755 2616 785 2665 et
799 2607 904 2681 frigora
918 2625 1043 2682 semper.

231 2697 262 2754 in
277 2697 378 2755 fluvios
392 2697 497 2772 partim
511 2695 623 2772 gelidos
637 2695 770 2755 ardentia
784 2698 887 2756 morbo

231 2788 363 2845 membra
377 2786 487 2845 dabant
500 2787 612 2845 nudum
627 2787 767 2846 iacientes
782 2806 888 2863 corpus
903 2787 933 2846 in
946 2786 1049 2848 undas.

230 2878 314 2936 multi
328 2877 501 2952 praecipites
515 2877 640 2953 lymphis
654 2879 817 2953 putealibus
831 2879 887 2936 alte

230 2967 399 3026 inciderunt
412 2969 477 3042 ipso
490 2969 642 3026 venientes
656 2987 707 3026 ore
721 2979 860 3044 patente:
1075 2986 1136 3042 ¹¹⁷5

229 3057 428 3117 insedabiliter
441 3058 502 3116 sitis
516 3058 606 3130 arida,
621 3077 746 3133 corpora
759 3077 898 3131 mersam,

230 3149 375 3223 aequabat
388 3148 511 3206 multum
526 3150 619 3223 parvis
633 3150 783 3207 umoribus
797 3150 930 3209 imbrem.

230 3256 288 3296 nec
301 3239 418 3314 requies
432 3248 494 3296 erat
507 3239 565 3296 ulla
578 3239 665 3298 mali:
688 3239 802 3298 defessa
816 3240 952 3300 iacebant

231 3346 366 3401 corpora.
384 3328 532 3386 mussabat
545 3329 634 3386 tacito
652 3329 801 3387 medicina
814 3331 926 3402 timore,

232 3418 344 3493 quippe
358 3417 487 3493 patentia
500 3436 568 3474 cum
582 3418 688 3476 totiens
703 3418 833 3477 ardentia
847 3420 954 3479 morbis

231 3507 342 3566 lumina
353 3515 501 3568 ‚versarent
514 3507 667 3565 oculorum
680 3510 809 3584 expertia
822 3528 936 3570 somno.
