2792 4025
286 278 347 342 114
617 274 848 330 nuenarius
1121 275 1187 347 [iv.

280 436 380 496 dicere
395 453 446 495 eos
461 445 571 507 contra,
587 453 662 511 quae
676 444 740 493 tota
753 435 791 493 ab
805 435 938 494 sensibus
951 443 1015 493 orta
1027 437 1093 494 est?

280 527 332 602 qui
344 527 400 584 nisi
413 535 480 584 sunt
493 527 563 598 veri,
577 527 650 584 ratio
665 543 785 600 quoque
797 525 869 583 falsa
882 526 914 583 fit
928 527 1034 584 omnis.
1138 535 1186 598 485

279 637 318 676 an
331 625 470 693 poterunt
483 617 586 674 oculos
600 634 682 673 aures
695 614 919 690 reprehendere,
933 634 971 673 an
984 634 1068 674 aures

279 709 394 766 tactus?
414 726 451 765 an
466 707 545 764 hunc
559 725 646 782 porro
661 716 772 764 tactum
786 724 873 781 sapor
886 715 986 780 arguet
999 707 1066 778 oris,

279 817 318 856 an
331 798 525 856 confutabunt
538 815 623 854 nares
637 797 751 855 oculive
765 797 934 854 revincent?

277 907 348 960 non,
363 897 396 946 ut
410 889 523 964 opinor,
539 888 578 944 ita
592 897 644 944 est.
660 906 729 945 nam
744 904 874 944 seorsum
889 885 995 961 cuique
1010 898 1139 962 potestas

278 979 405 1050 divisast,
417 997 469 1036 sua
479 979 521 1036 vis
535 978 678 1053 cuiquest,
694 977 822 1052 ideoque
838 994 958 1035 necesse
972 992 1017 1035 est
1136 1000 1187 1052 490

278 1078 308 1127 et
321 1069 403 1144 quod
418 1069 503 1127 molle
515 1069 551 1126 sit
566 1079 595 1126 et
608 1067 738 1143 gelidum
753 1068 902 1125 fervensve
916 1085 1046 1126 seorsum

277 1170 308 1217 et
320 1178 451 1218 seorsum
464 1160 559 1217 varios
572 1177 668 1216 rerum
682 1157 790 1215 sentire
805 1157 918 1216 colores

277 1258 307 1307 et
321 1267 525 1325 quaecumque
541 1249 681 1307 coloribu'
697 1249 754 1306 sint
768 1248 926 1306 coniuncta
939 1247 1047 1306 videre.

278 1358 393 1398 seorsus
408 1341 478 1397 item
493 1358 580 1414 sapor
593 1340 651 1396 oris
665 1338 754 1397 habet
767 1339 836 1410 vim,
851 1356 966 1396 seorsus
979 1339 1086 1398 odores

275 1441 443 1501 nascuntur,
459 1449 571 1488 sorsum
586 1429 708 1488 sonitus?
722 1427 851 1503 ideoque
866 1447 988 1487 necesse
1003 1439 1047 1488 est
1131 1449 1182 1504 495

275 1539 336 1578 non
350 1521 464 1596 possint
477 1521 548 1578 alios
562 1521 610 1577 alii
625 1520 802 1578 convincere
816 1537 927 1577 sensus.

275 1629 332 1668 nec
346 1628 434 1686 porro
449 1619 587 1685 poterunt
601 1611 655 1686 ipsi
668 1609 884 1685 reprehendere
899 1627 973 1680 sese,

274 1719 369 1775 aequa
382 1700 457 1758 fides
472 1700 612 1775 quoniam
626 1700 748 1759 debebit
763 1718 879 1775 semper
892 1700 1001 1758 haberi.

273 1793 398 1868 proinde
413 1792 495 1868 quod
508 1795 539 1850 in
553 1804 700 1868 quoquest
713 1793 758 1851 his
772 1794 866 1851 visum
880 1803 1023 1868 tempore,
1037 1804 1173 1853 verumst

273 1892 304 1940 et
317 1884 340 1942 si
354 1902 416 1941 non
430 1884 537 1958 poterit
551 1884 623 1941 ratio
639 1883 796 1941 dissolvere
811 1902 939 1954 causam,
1133 1904 1183 1958 500

273 1991 325 2032 cur
338 1993 374 2033 ea
388 1992 463 2049 quae
477 1975 583 2033 fuerint
597 1975 698 2032 iuxtim
713 1973 863 2050 quadrata,
878 1973 981 2050 procul
994 1974 1052 2034 sint

271 2066 331 2123 visa
345 2065 480 2137 rutunda,
495 2075 595 2124 tamen
608 2075 736 2141 praestat
750 2067 869 2123 rationis
883 2076 1021 2140 egentem

270 2155 395 2214 reddere
410 2156 554 2215 mendose
569 2175 670 2214 causas
685 2156 834 2230 utriusque
848 2156 967 2231 figurae,

271 2264 360 2321 quam
375 2247 509 2305 manibus
523 2248 676 2304 manifesta
690 2247 748 2303 suis
763 2246 894 2304 emittere
910 2264 1061 2321 quoquam

272 2348 301 2395 et
314 2337 421 2394 violare
435 2336 526 2395 fidem
541 2338 665 2412 primam
679 2349 709 2394 et
724 2337 887 2394 convellere
901 2346 964 2395 tota
1132 2356 1180 2412 505

270 2426 461 2485 fundamenta
475 2428 580 2503 quibus
595 2428 708 2485 nixatur
721 2428 781 2483 vita
794 2428 938 2502 salusque.

269 2538 331 2578 non
345 2520 437 2580 modo
452 2521 531 2577 enim
546 2521 619 2577 ratio
633 2529 697 2577 ruat
712 2520 817 2591 omnis,
832 2520 890 2578 vita
904 2538 1023 2595 quoque
1038 2521 1102 2597 ipsa

269 2610 408 2667 concidat
423 2610 646 2685 extemp10‚nisi
662 2610 781 2668 credere
796 2611 928 2669 sensibus
942 2612 1019 2670 ausis
1040 2685 1042 2687 1

268 2700 494 2776 praecipitisque
509 2700 591 2758 locos
605 2701 695 2758 vitare
711 2710 743 2757 et
758 2710 855 2758 cetera
868 2718 945 2775 quae
959 2701 1025 2761 sint.
1130 2720 1180 2774 5¹0

268 2791 316 2849 illa
329 2791 381 2848 tibi
396 2800 440 2848 est
453 2790 539 2865 igitur
551 2791 708 2848 verborum
722 2792 810 2865 copia
823 2809 907 2848 cassa

268 2881 364 2939 omnis
379 2898 454 2955 quae
469 2890 571 2939 contra
584 2898 686 2939 sensus
700 2881 841 2938 instructa
853 2891 989 2955 paratast.

268 2970 396 3046 denique
411 2980 443 3029 ut
457 2971 486 3028 in
501 2972 618 3042 fabrica,
633 2972 657 3029 si
671 2980 786 3047 pravast
799 2972 899 3046 regula
912 2973 1016 3046 prima,

266 3079 429 3135 normaque
444 3060 468 3118 si
482 3062 566 3119 fallax
579 3062 665 3119 rectis
680 3062 847 3137 regionibus
862 3062 932 3135 exit,

267 3162 297 3209 et
310 3152 407 3210 libella
421 3152 517 3226 aliqua
531 3152 555 3209 si
569 3169 606 3210 ex
620 3152 695 3226 parti
710 3151 856 3210 claudicat
870 3151 971 3224 hilum,
1128 3171 1176 3225 515

266 3243 365 3300 omnia
378 3242 521 3300 mendose
536 3242 597 3299 fieri
611 3252 701 3316 atque
716 3242 832 3318 obstipa
845 3259 966 3301 necesse
982 3252 1027 3301 est

265 3351 354 3408 prava
368 3333 504 3390 cubantia
518 3351 610 3407 prona
624 3333 729 3406 supina
742 3343 830 3407 atque
844 3334 955 3391 absona
968 3344 1056 3407 tecta,

266 3423 324 3482 iam
337 3441 420 3481 ruere
434 3432 467 3481 ut
481 3422 626 3497 quaedam
641 3421 794 3480 videantur
808 3424 890 3495 velle,
905 3436 1049 3501 ruantque

267 3514 384 3591 prodita
397 3512 511 3573 iudiciis
525 3514 674 3573 fallacibus
689 3514 789 3572 omnia
802 3515 912 3590 primis,
