2792 4025
242 259 307 321 180
573 272 807 327 nuenarius
1075 274 1145 345 [vr.

236 430 372 490 veridicis
385 430 471 506 igitur
483 432 617 507 purgavit
629 442 751 507 pectora
764 432 851 491 dictis

237 529 268 578 et
281 520 371 579 finem
385 521 484 579 statuit
497 521 674 597 cuppedinis
687 532 776 598 atque
789 523 901 582 timoris
1114 540 1144 596 ²5

237 610 431 686 exposuitque
445 612 557 669 bonum
571 630 720 669 summum
734 631 795 687 quo
809 612 958 672 tendimus
972 632 1077 673 omnes

236 699 407 776 quidforet,
421 711 510 776 atque
522 702 600 760 viam
614 704 795 777 monstravit,
808 704 923 762 tramite
940 722 1031 779 parvo

236 808 296 865 qua
308 809 462 866 possemus
475 790 514 849 ad
527 792 559 850 id
572 802 655 851 recto
669 792 851 851 contendere
864 812 960 865 cursu,

237 879 346 956 quidve
359 882 428 939 mali
441 881 515 940 soret
528 882 559 940 in
573 883 660 941 rebus
673 883 837 942 mortalibu’
851 884 970 959 passim,
1041 920 1044 925 -

236 969 319 1047 quod
332 971 415 1029 fieret
427 973 550 1030 naturali
563 973 701 1048 varieque
714 974 825 1031 volaret
1112 993 1145 1045 30

236 1079 289 1119 seu
303 1079 374 1119 casu
387 1080 440 1121 seu
453 1062 491 1133 vi,
506 1061 589 1137 quod
603 1062 645 1121 sic
658 1072 763 1121 natura
776 1072 915 1138 parasset,

236 1160 267 1208 et
280 1151 387 1225 quibus
400 1169 418 1209 e
431 1151 523 1228 portis
536 1153 651 1211 occurri
665 1153 772 1228 cuique
787 1152 916 1226 deceret,

236 1252 267 1299 et
279 1259 371 1316 genus
386 1241 546 1300 humanum
560 1243 664 1300 frustra
676 1242 849 1318 plerumque
863 1242 997 1318 probavit

234 1331 351 1389 volvere
365 1350 499 1389 curarum
513 1318 601 1390 t'ristis
613 1332 645 1391 in
658 1342 780 1407 pectore
795 1332 910 1392 fluctus.

235 1440 305 1480 nam
318 1422 406 1480 veluti
420 1422 503 1497 pueri
516 1421 665 1497 trepidant
677 1432 767 1497 atque
781 1424 881 1481 omnia
894 1423 990 1481 caecis
1110 1441 1142 1495 35

236 1512 267 1569 in
280 1511 406 1570 tenebris
420 1521 565 1584 metuunt,
579 1513 622 1569 sic
635 1530 691 1571 nos
704 1512 736 1571 in
749 1513 815 1570 luce
829 1514 965 1575 timemus

235 1601 393 1673 interdum,
407 1602 466 1659 nilo
481 1619 557 1676 quae
571 1612 639 1660 sunt
652 1602 814 1660 metuenda
826 1603 918 1678 magis
932 1621 1023 1677 quam

236 1710 312 1765 quae
325 1692 409 1767 pueri
422 1692 453 1749 in
467 1692 594 1751 tenebris
608 1693 738 1767 pavitant
753 1693 925 1768 finguntque
939 1692 1044 1753 futura.

236 1780 315 1839 hunc
328 1781 414 1856 igitur
427 1790 567 1839 terrorem
581 1783 672 1840 animi
685 1783 879 1857 tenebrasque
894 1792 1044 1842 necessest

235 1889 297 1929 non
310 1870 384 1929 radii
398 1871 466 1930 solis
479 1889 537 1929 nec
550 1872 648 1930 lucida
661 1873 720 1930 tela
733 1872 794 1931 diei
1111 1895 1145 1943 40

236 1962 401 2035 discutiant,
416 1961 470 2021 sed
483 1971 604 2021 naturae
618 1963 733 2039 species
746 1963 889 2039 ratioque.

236 2072 296 2129 quo
310 2054 403 2128 magis
418 2054 570 2129 inceptum
583 2072 703 2130 pergam
719 2064 871 2130 pertexere
886 2053 984 2113 dictis.

276 2145 316 2201 Et
329 2144 468 2218 quoniam
483 2143 574 2203 docui
589 2144 693 2203 mundi
707 2145 841 2202 mortalia
854 2145 966 2222 templa

236 2251 300 2292 esse
315 2242 345 2292 et
358 2234 457 2291 nativo
471 2235 632 2293 consistere
646 2252 771 2309 corpore
786 2235 909 2307 caelum,

237 2333 266 2381 et
279 2341 484 2398 quaecumque
498 2325 529 2382 in
543 2343 581 2382 eo
588 2315 669 2382 ⁴fiunt
682 2325 804 2400 fierique
817 2336 976 2399 necessest,
1111 2345 1143 2399 45

236 2414 375 2489 pleraque
389 2414 519 2484 ressolui,
534 2432 611 2488 quae
625 2425 736 2473 restant
748 2415 868 2491 percipe
884 2434 981 2491 porro,

236 2503 478 2580 quandoquidem
493 2505 585 2562 semel
598 2505 744 2580 insignem
757 2506 960 2566 conscendere
975 2525 1091 2566 cunum
1155 2529 1159 2534 ·

685 2593 705 2631 a

235 2695 399 2757 ventorum,
415 2703 452 2744 ex
465 2685 508 2743 ira
522 2695 555 2743 ut
568 2686 729 2761 placentur,
743 2697 776 2745 ut
789 2687 890 2746 omnia
903 2707 1016 2748 rursum

237 2794 313 2851 quae
326 2775 432 2834 fuerint
444 2777 503 2834 sint
516 2777 633 2852 placato
647 2796 788 2836 conversa
800 2778 905 2837 furore.

237 2875 335 2924 cetera
348 2884 423 2941 quae
437 2866 500 2925 fieri
514 2868 545 2925 in
559 2867 640 2926 terris
654 2869 796 2944 caeloque
810 2878 927 2927 tuentur
1112 2888 1146 2942 50

237 2957 382 3028 mortales,
397 2956 510 3032 pavidis
524 2975 593 3015 cum
606 2958 740 3033 pendent
754 2959 895 3017 mentibu'
911 2975 1010 3035 saepe,

238 3055 268 3103 et
281 3047 390 3105 iaciunt
403 3048 517 3106 animos
532 3048 648 3107 humilis
662 3048 818 3107 somridine
833 3048 932 3108 divom

238 3136 452 3214 depressosque
465 3149 603 3215 premunt
616 3138 655 3197 ad
669 3148 774 3196 terram
789 3149 945 3214 propterea
958 3139 1039 3215 quod

238 3228 401 3301 ignorantia
415 3247 568 3288 causamm
582 3230 716 3288 conferre
730 3228 854 3288 deorum

238 3318 318 3392 cogit
331 3319 371 3377 ad
385 3320 540 3396 imperium
554 3339 600 3378 res
614 3329 644 3378 et
657 3319 824 3378 concedere
839 3337 970 3394 regnum.
1113 3337 1144 3391 55

238 3425 307 3465 nam
322 3410 399 3468 bene
414 3411 465 3486 qui
480 3410 610 3468 didicere
625 3409 699 3468 deos
714 3429 848 3468 securum
864 3429 949 3487 agere
964 3429 1077 3482 aevom,

239 3500 264 3558 si
278 3509 378 3558 tamen
392 3500 503 3558 interea
517 3501 657 3557 mirantur
670 3518 730 3574 qua
742 3500 854 3558 ratione
