2792 4025
253 280 319 329 210
590 277 823 332 nuenarius
1094 276 1160 349 [vr.

252 457 324 513 non,
337 456 419 499 mare
431 439 456 500 si
469 448 564 499 totum
577 440 647 499 velit
660 439 757 499 eluere
771 439 909 498 omnibus
922 438 1018 499 undis.

252 531 381 607 denique
395 548 457 592 non
470 548 542 589 auro
555 548 601 589 res
615 549 718 588 aurum
731 529 851 605 copulat
864 548 924 587 una

251 623 369 697 aerique
382 640 433 679 aes
446 621 569 698 plumbo
583 621 617 679 fit
629 621 672 679 uti
686 621 820 695 iungatur
834 622 871 679 ab
885 620 975 679 albo?

251 722 350 771 cetera
362 712 421 771 iam
434 730 524 787 quam
538 712 630 769 multa
642 711 711 770 licet
723 712 850 787 reperire
864 714 870 770 l
892 710 964 785 quid
978 712 1069 787 ergo?
1095 720 1160 771 1080

250 820 308 861 nec
321 803 373 861 tibi
390 812 451 861 tam
464 801 558 876 longis
572 819 647 877 opus
661 811 706 860 est
719 801 890 877 ambagibus
904 819 1037 875 usquam,

251 911 308 951 nec
322 903 446 951 metam
459 891 581 951 multam
597 891 645 949 hic
659 910 781 967 operam
796 909 970 949 consumere
984 904 1036 966 par
1049 902 1103 964 est,
1131 897 1136 904 '

251 982 305 1041 sed
318 983 442 1042 breviter
455 982 557 1058 paucis
570 990 698 1057 praestat
712 979 925 1057 comprendere
940 981 1038 1039 multa

251 1091 377 1148 quorum
390 1074 431 1131 ita
444 1082 575 1131 texturae
590 1071 762 1130 ceciderunt
776 1080 878 1129 mutua
890 1080 1002 1143 contra,

250 1173 284 1221 ut
297 1182 369 1221 cava
381 1164 557 1221 conveniant
570 1162 666 1237 plenis
680 1162 755 1219 haec
770 1162 843 1221 illius
857 1162 906 1220 illa
1093 1170 1156 1234 ¹085

250 1253 395 1329 huiusque
410 1254 485 1311 inter
499 1270 539 1325 se,
555 1253 688 1311 iunctura
702 1252 775 1310 haec
790 1252 903 1326 optima
915 1260 1038 1310 constat

250 1353 295 1403 est
308 1344 405 1415 etiam,
420 1344 503 1418 quasi
516 1352 548 1401 ut
562 1343 662 1400 anellis
676 1342 828 1417 hamisque
842 1342 950 1417 plicata

250 1434 325 1492 inter
338 1451 370 1492 se
385 1432 529 1508 quaedam
545 1434 659 1509 possint
672 1432 790 1507 coplata
803 1433 895 1489 teneri
905 1453 914 1504 ;

250 1523 333 1600 quod
347 1524 438 1599 magis
453 1524 483 1580 in
496 1523 594 1598 lapide
609 1524 667 1581 hoc
684 1522 746 1579 fieri
761 1522 896 1597 ferroque
909 1521 1032 1581 videtur.

290 1615 380 1672 Nunc
393 1614 467 1671 ratio
481 1631 557 1688 quae
571 1614 608 1671 sit
617 1614 727 1671 morbis
741 1622 791 1671 aut
805 1612 885 1671 unde
898 1623 1019 1688 repente
1091 1636 1156 1688 1090

250 1705 428 1761 mortiferam
441 1705 534 1779 possit
547 1702 663 1761 cladem
678 1704 806 1761 conflare
820 1712 922 1761 coorta

249 1794 386 1853 morbida
399 1795 442 1853 vis
456 1794 610 1852 hominum
624 1794 724 1870 generi
738 1794 948 1869 pecudumque
962 1796 1093 1867 catervis,

250 1884 416 1960 expediam.
431 1886 557 1960 primum
571 1885 726 1943 multamm
741 1884 851 1942 semina
865 1902 961 1942 rerum

250 1994 314 2034 esse
328 1994 416 2053 supra
429 1974 518 2034 docui
533 1993 608 2051 quae
623 1976 680 2034 sint
693 1975 791 2034 vitalia
804 1974 897 2046 nobis,

249 2077 280 2125 et
294 2076 396 2125 contra
409 2084 486 2141 quae
499 2067 557 2125 sint
571 2067 675 2124 morbo
689 2067 834 2140 mortique
849 2075 998 2125 necessest
1090 2085 1153 2140 1095

249 2157 340 2215 multa
352 2158 458 2215 volare.
473 2174 509 2215 ea
523 2175 591 2214 cum
605 2174 675 2214 casu
690 2165 758 2214 sunt
772 2157 845 2214 forte
860 2165 962 2216 coorta

249 2257 280 2306 et
293 2248 494 2322 perturbarunt
508 2247 631 2318 caelum,
646 2247 678 2304 tit
692 2245 841 2305 morbidus
855 2249 913 2305 atr.

249 2347 337 2412 atque
353 2356 388 2395 ea
401 2338 444 2395 vis
458 2337 554 2394 omnis
568 2337 737 2395 morborum
753 2337 953 2412 pestilitasque

249 2436 299 2484 aut
312 2427 492 2484 extrinsecus
506 2436 538 2484 ut
551 2428 645 2484 nubes
659 2427 843 2501 nebulaeque
858 2443 983 2501 superne

248 2535 301 2592 per
315 2518 429 2575 caelum
442 2518 572 2588 veniunt,
587 2526 637 2574 aut
650 2517 714 2591 ipsa
728 2535 817 2592 saepe
831 2525 950 2575 coortae
1090 2537 1154 2574 1100

249 2606 287 2665 de
302 2618 377 2665 terra
390 2617 520 2682 surgunt,
535 2608 586 2665 ubi
599 2617 735 2682 putorem
750 2606 851 2664 umida
864 2615 977 2665 nactast

247 2697 458 2772 intempestivis
472 2698 634 2773 pluviisque
649 2707 679 2755 et
693 2698 801 2756 solibus
815 2698 883 2756 icta.

247 2805 348 2845 nonne
361 2787 444 2846 vides
457 2789 546 2845 etiam
560 2788 634 2846 caeli
649 2789 778 2846 novitate
792 2796 823 2846 et
836 2804 976 2862 aquarum

247 2879 384 2953 temptari
398 2879 500 2954 procul
514 2897 532 2935 a
545 2878 638 2953 patria
652 2878 830 2954 quicumque
845 2878 996 2954 domoque

247 2967 406 3026 adveniunt
418 2967 488 3026 ideo
502 2969 571 3043 quia
583 2968 671 3044 longe
685 2968 875 3044 discrepitant
887 2970 955 3028 res?
1090 2985 1153 3040 1105

247 3076 318 3116 nam
333 3057 404 3132 quid
419 3059 561 3116 Brittanni
575 3059 689 3116 caelum
704 3058 818 3116 differre
832 3067 978 3133 putamus

248 3157 279 3206 et
293 3147 374 3223 quod
389 3149 419 3206 in
433 3151 567 3224 Aegypto
581 3158 626 3207 est
640 3168 698 3224 qua
712 3148 815 3206 mundi
829 3147 975 3206 claudicat
989 3148 1059 3218 axiS,

249 3238 357 3312 quidve
372 3238 454 3312 quod
468 3240 496 3296 in
513 3241 608 3296 Ponto
622 3249 667 3298 est
681 3239 805 3312 differre,
820 3248 850 3297 et
864 3238 996 3298 Gadibus
1010 3248 1099 3312 atque

247 3345 340 3402 usque
354 3328 393 3384 ad
407 3329 489 3402 nigra
502 3329 594 3385 virum
609 3338 749 3402 percocto
763 3329 859 3386 saecla
872 3329 992 3388 colore?
1076 3365 1078 3370 ·

248 3433 325 3489 quae
342 3434 411 3474 cum
425 3426 564 3491 quattuor
582 3418 658 3474 inter
672 3436 705 3475 se
719 3417 832 3476 diversa
845 3418 979 3477 videmus
1090 3437 1154 3476 uro

249 3513 387 3578 quattuor
399 3522 417 3562 a
430 3506 523 3563 ventis
538 3514 568 3562 et
581 3506 654 3563 caeli
667 3507 797 3580 partibus
811 3525 883 3579 esse,
